=LDR  03675 am a22007813  4500
=001  016286370
=003  Uk
=005  20201127183306.0
=007  cr\mn\024mpadp
=007  cr\mn\024mpada
=008  880509|1787||||enk\\\\|s\\\\\|||\||eng\\
=FMT  \\$a  BK
=040  \\$aUk$cUk
=100  1\$aCobb, James,$d1756-1818.
=245  14$aThe First Floor; a farce in two acts.$h[electronic resource]
=264  \1$aLondon,$c1787.
=300  \\$c(8º)
=336  \\$atext$2rdacontent
=337  \\$acomputer$2rdamedia
=338  \\$aonline resource$2rdacarrier
=340  \\$m8vo$2rdabf
=775  0\$t[The First Floor; a farce in two acts.]$w(Uk)MP1.0000768491.1$dpp. 41. G. Perrin: Dublin, 1787. 12º.
=775  0\$t[The First Floor; a farce in two acts.]$w(Uk)MP1.0000768491.2$dpp. 48. C. Dilly: London, 1787. 8º.
=775  0\$t[The First Floor; a farce in two acts.]$w(Uk)MP1.0000768491.3$dpp. 48. C. Dilly: London, 1787. 8º.
=775  0\$t[The First Floor; a farce in two acts.]$w(Uk)MP1.0000768491.4$dLondon, 1789. 8º.
=775  0\$t[The First Floor; a farce in two acts.]$w(Uk)MP1.0000768491.5$nIn Inchbald (Elizabeth) A Collection of Farces, etc. vol. 6. 1815. 16º.
=775  0\$t[The First Floor; a farce in two acts.]$w(Uk)MP1.0000768491.6$dpp. 44. C. Wiley: New York, 1824. 16º.
=775  0\$t[The First Floor; a farce in two acts.]$w(Uk)MP1.0000768491.7$d[1826?]
=775  0\$t[The First Floor; a farce in two acts.]$w(Uk)MP1.0000768491.8$d1826.
=775  0\$t[The First Floor; a farce in two acts.]$w(Uk)MP1.0000768491.9$dpp. 36. London, [1830?] 12º.
=775  0\$t[The First Floor; a farce in two acts.]$w(Uk)MP1.0000768491.10$dpp. 36. London, [1860?] 12º.
=775  0\$t[The First Floor; a farce in two acts.]$w(Uk)MP1.0000768491.11$d1871.
=787  0\$t[The First Floor; a farce in two acts.]$w(Uk)MP1.0000768491.12$dLondon, [1875?] 8º.
=856  41$uhttp://books.google.co.uk/books?vid=BL:A0017668890$yGoogle_Books
=859  \\$aXLD$bMS Digitised
=859  \\$aXLD$bMSD
=859  \\$aXLD$bGOOGLEBOOKS
=883  0\$aLanguage codes assigned by Bayesian analysis of words present in record$d20201028$qUk$c0.9010
=852  4\$aBritish Library$bHMNTS$cDRT$jDigital Store 643.e.16.(7.)
=985  \\$aUpgraded by BSS-generated file for WR1910-0531
=985  \\$aUpgraded by BSS-generated file for WR2011-1472
=CAT  \\$aBATCH-MSDN$b00$c20130227$lBLL01$h1541
=CAT  \\$aBATCH-UPD$b00$c20130227$lBLL01$h1544
=CAT  \\$aMSD-SUPP$c20130227$lBLL01$h1832
=CAT  \\$aBATCH-UPD$b00$c20130318$lBLL01$h1050
=CAT  \\$aWR13.117$c20130720$lBLL01$h1920
=CAT  \\$aWR14.046$c20140417$lBLL01$h1724
=CAT  \\$aWR13.144/5$c20140418$lBLL01$h1043
=CAT  \\$a11814$b40$c20140709$lBLL01$h1308
=CAT  \\$aWR14_057$b00$c20141011$lBLL01$h1511
=CAT  \\$aBATCH-DCW$b00$c20141027$lBLL01$h0221
=CAT  \\$aBATCH-FIX$c20160124$lBLL01$h1228
=CAT  \\$aBATCH-FIX$c20160125$lBLL01$h1512
=CAT  \\$aBATCH-DCW$b00$c20160710$lBLL01$h1009
=CAT  \\$aBATCH-DCW$c20160713$lBLL01$h1618
=CAT  \\$a1805-0738$c20181228$lBLL01$h1832
=CAT  \\$a1805-0738$b00$c20181228$lBLL01$h1917
=CAT  \\$aW1910-0531$b00$c20191108$lBLL01$h1813
=CAT  \\$aW2011-1472$b00$c20201127$lBLL01$h1833
=FIN  \\$aY$d20130227
=LKR  \\$aPAR$lBLL01$r776$b000730391$mThe First Floor; a farce in two acts.$nThe First Floor; a farce in two acts.
=DGM  \\$a000730391$bCatBridge variable field
=DRT  \\$aMSD
=DRT  \\$aGOOGLEBOOKS
=SRC  \\$aGOOGLEBOOKS$bGoogleBooks_20141026
=SRC  \\$aMSD$bMSBooks_20160709
=SRC  \\$aMSD$bmsdig_000172
=LAS  \\$aW2011-1472$b00$c20201127$lBLL01$h1833

