=LDR  03666 am a22007093  4500
=001  016286463
=003  Uk
=005  20201127183307.0
=007  cr\mn\024mpadp
=007  cr\mn\024mpada
=008  010126|1800||||enk\\\\|s\\\\\|||\||eng\\
=FMT  \\$a  BK
=040  \\$aUk$cUk
=100  1\$aCumberland, Richard,$d1732-1811.
=240  10$aPlays. Single Plays
=245  10$a[Joanna of Montfaucon; a dramatic romance of the fourteenth century ... Formed upon the plan of the German drama [i.e. "Johanna von Montfaucon"] of Kotzebue: and adapted to the English stage by R. Cumberland.]$h[electronic resource]
=250  \\$aThe second edition.
=264  \1$aLondon :$bLackington, Allen & Co,$c1800.
=300  \\$axiv, 88 pages ;$c(8º)
=336  \\$atext$2rdacontent
=337  \\$acomputer$2rdamedia
=338  \\$aonline resource$2rdacarrier
=340  \\$m8vo$2rdabf
=700  1\$aKOTZEBUE, August Friedrich Ferdinand von.$tDramatic Works. Single Plays. Johanna von Montfaucon.
=787  0\$tJoanna of Montfaucon; a dramatic romance of the fourteenth century ... Formed upon the plan of the German drama [i.e. "Johanna von Montfaucon"] of Kotzebue: and adapted to the English stage by R. Cumberland.$w(Uk)MP1.0000882076$dpp. xiv. 88. Lackington, Allen & Co.: London, 1800. 8º.
=886  2\$2blmarc$a709$b00$aKOTZEBUE$hAugust Friedrich Ferdinand von$tDramatic Works$tSingle Plays$tJohanna von Montfaucon$p161.h.61.$p643.f.11.(1.)$x178361031X
=856  41$uhttp://books.google.co.uk/books?vid=BL:A0017668907$yGoogle_Books
=859  \\$aXLD$bMS Digitised
=859  \\$aXLD$bMSD
=859  \\$aXLD$bGOOGLEBOOKS
=883  0\$aLanguage codes assigned by Bayesian analysis of words present in record$d20201028$qUk$c0.9010
=852  4\$aBritish Library$bHMNTS$cDRT$jDigital Store 643.f.11.(1.)
=985  \\$aUpgraded by BSS-generated file for WR1910-0531
=985  \\$aUpgraded by BSS-generated file for WR2011-1472
=CAT  \\$aBATCH-MSDN$b00$c20130227$lBLL01$h1541
=CAT  \\$aMSD-SUPP$c20130227$lBLL01$h1832
=CAT  \\$aBATCH-UPD$b00$c20130318$lBLL01$h1050
=CAT  \\$aWR13.117$c20130720$lBLL01$h1920
=CAT  \\$aWR14.046$c20140417$lBLL01$h1724
=CAT  \\$aWR13.144/5$c20140418$lBLL01$h1043
=CAT  \\$aWR14_057$b00$c20141011$lBLL01$h1511
=CAT  \\$aBATCH-DCW$b00$c20141029$lBLL01$h0210
=CAT  \\$aWR11_211$c20141230$lBLL01$h1741
=CAT  \\$aBLSS-CORR$b00$c20141230$lBLL01$h1744
=CAT  \\$aBATCH-UPD$b00$c20150602$lBLL01$h1202
=CAT  \\$aBATCH-FIX$c20160124$lBLL01$h1228
=CAT  \\$aBATCH-FIX$c20160125$lBLL01$h1512
=CAT  \\$aBATCH-DCW$b00$c20160710$lBLL01$h1009
=CAT  \\$aBATCH-DCW$c20160713$lBLL01$h1618
=CAT  \\$a1805-0738$c20181228$lBLL01$h1832
=CAT  \\$a1805-0738$b00$c20181228$lBLL01$h1917
=CAT  \\$aW1910-0531$b00$c20191108$lBLL01$h1813
=CAT  \\$aW2011-1472$b00$c20201127$lBLL01$h1833
=FIN  \\$aY$d20130227
=LKR  \\$aPAR$lBLL01$r776$b000835139$m[Joanna of Montfaucon; a dramatic romance of the fourteenth century ... Formed upon the plan of the German drama [i.e. "Johanna von Montfaucon"] of Kotzebue: and adapted to the English stage by R. Cumberland.]$n[Joanna of Montfaucon; a dramatic romance of the fourteenth century ... Formed upon the plan of the German drama [i.e. "Johanna von Montfaucon"] of Kotzebue: and adapted to the English stage by R. Cumberland.]
=DGM  \\$a000835139$bCatBridge variable field
=DRT  \\$aMSD
=DRT  \\$aGOOGLEBOOKS
=SRC  \\$aGOOGLEBOOKS$bGoogleBooks_20141028
=SRC  \\$aMSD$bMSBooks_20160709
=SRC  \\$aMSD$bmsdig_000172
=LAS  \\$aW2011-1472$b00$c20201127$lBLL01$h1833

