=LDR  03212 am a22006613  4500
=001  016286477
=003  Uk
=005  20130227154133.0
=007  cr\mn\024mpadp
=007  cr\mn\024mpada
=008  880420|1662|||||||\\\\|s\\\\\|||\||eng\\
=FMT  \\$a  BK
=040  \\$aUk$cUk
=100  1\$aD., J.
=245  10$aAn Hymenæan Essay, or an Epithalamy upon the royall match of His most Excellent Majesty Charles the Second, with the most illustrious Katharine, Infanta of Portugall. 1662. By J. D. [i.e. John Drope.]$h[electronic resource]
=264  \1$c1662.
=300  \\$a12 pages ;$c(4º)
=336  \\$atext$2rdacontent
=337  \\$acomputer$2rdamedia
=338  \\$aonline resource$2rdacarrier
=340  \\$m4to$2rdabf
=700  1\$aDROPE, John.
=720  \\$aCATHARINE [of Braganza], Queen Consort of Charles II., King of Great Britain and Ireland
=700  0\$aCharles$bII,$cKing of England,$d1630-1685.$tAppendix. Biography. II. Separate Events. 1662. 21 May. Marriage.
=886  2\$2blmarc$a709$b00$aCATHARINE [of Braganza], Queen Consort of Charles II., King of Great Britain and Ireland$p994.l.40.$x0562270205
=886  2\$2blmarc$a709$b00$aCHARLES II., King of Great Britain and Ireland$tAppendix$tBiography$tII. Separate Events$t1662$t21 May. Marriage$p994.l.40.$x0591590093
=886  2\$2blmarc$a709$b00$aDROPE$hJohn$p994.l.40.$x0872440044
=856  41$uhttp://books.google.com/books?vid=BL:A0020559473$yGoogle_Books
=859  \\$aXLD$bMS Digitised
=859  \\$aXLD$bMSD
=859  \\$aXLD$bGOOGLEBOOKS
=852  4\$aBritish Library$bHMNTS$cDRT$jDigital Store 994.l.40.
=985  \\$aCorrected by MS generated file for WR# 1805-0738
=CAT  \\$aBATCH-MSDN$b00$c20130227$lBLL01$h1541
=CAT  \\$aMSD-SUPP$c20130227$lBLL01$h1832
=CAT  \\$aBATCH-UPD$b00$c20130318$lBLL01$h1050
=CAT  \\$aWR13.117$c20130720$lBLL01$h1920
=CAT  \\$aWR14.046$c20140417$lBLL01$h1724
=CAT  \\$aWR13.144/5$c20140418$lBLL01$h1043
=CAT  \\$aBATCH-DCW$b00$c20151208$lBLL01$h0211
=CAT  \\$aBATCH-UPD$b00$c20151208$lBLL01$h0213
=CAT  \\$aBATCH-FIX$c20160124$lBLL01$h1228
=CAT  \\$aBATCH-FIX$c20160125$lBLL01$h1512
=CAT  \\$aWR14_057$b00$c20160502$lBLL01$h1157
=CAT  \\$aBATCH-DCW$b00$c20160710$lBLL01$h1009
=CAT  \\$aBATCH-DCW$c20160713$lBLL01$h1618
=CAT  \\$aW1807-0595$c20180717$lBLL01$h1729
=CAT  \\$a1805-0738$c20181228$lBLL01$h1833
=CAT  \\$a1805-0738$b00$c20181228$lBLL01$h1917
=FIN  \\$aY$d20130227
=LKR  \\$aPAR$lBLL01$r776$b000848488$mAn Hymenæan Essay, or an Epithalamy upon the royall match of His most Excellent Majesty Charles the Second, with the most illustrious Katharine, Infanta of Portugall. 1662. By J. D. [i.e. John Drope.]$nAn Hymenæan Essay, or an Epithalamy upon the royall match of His most Excellent Majesty Charles the Second, with the most illustrious Katharine, Infanta of Portugall. 1662. By J. D. [i.e. John Drope.]
=DGM  \\$a000848488$bCatBridge variable field
=DRT  \\$aMSD
=DRT  \\$aGOOGLEBOOKS
=SRC  \\$aGOOGLEBOOKS$bGoogleBooks_20151207
=SRC  \\$aMSD$bMSBooks_20160709
=SRC  \\$aMSD$bmsdig_000172
=LAS  \\$a1805-0738$b00$c20181228$lBLL01$h1917

