=LDR  02994 am a22006493  4500
=001  016286570
=003  Uk
=005  20201127183307.0
=007  cr\mn\024mpadp
=007  cr\mn\024mpada
=008  880516|1810||||enk\\\\|s\\\\\|||\||eng\\
=FMT  \\$a  BK
=040  \\$aUk$cUk
=100  1\$aDibdin, Charles,$d1768-1833.
=240  10$aSingle Works
=245  10$a[Bang up!] Songs, Duets, Trios, Chorusses, &c. &c. with a description of the scenery in the new comic pantomime, called Bang up! or, Harlequin prime, etc.$h[electronic resource]
=264  \1$aLondon :$bW. Glendinning,$c1810.
=300  \\$a16 pages ;$c(8º)
=336  \\$atext$2rdacontent
=337  \\$acomputer$2rdamedia
=338  \\$aonline resource$2rdacarrier
=340  \\$m8vo$2rdabf
=500  \\$aWith an additional titlepage, reading "Songs, duets, trios, chorusses, &c. With a description of the scenery, and other decorations, also fables and arguments, of the various pieces performing at the Aquatic Theatre, Sadler's Wells.".
=856  41$uhttp://books.google.co.uk/books?vid=BL:A0017668917$yGoogle_Books
=859  \\$aXLD$bMS Digitised
=859  \\$aXLD$bMSD
=859  \\$aXLD$bGOOGLEBOOKS
=883  0\$aLanguage codes assigned by Bayesian analysis of words present in record$d20201028$qUk$c0.9010
=852  4\$aBritish Library$bHMNTS$cDRT$jDigital Store 643.f.15.(4.)
=985  \\$aUpgraded by BSS-generated file for WR1910-0531
=985  \\$aUpgraded by BSS-generated file for WR2011-1472
=CAT  \\$aBATCH-MSDN$b00$c20130227$lBLL01$h1541
=CAT  \\$aMSD-SUPP$c20130227$lBLL01$h1832
=CAT  \\$aBATCH-UPD$b00$c20130318$lBLL01$h1050
=CAT  \\$aWR13.117$c20130720$lBLL01$h1920
=CAT  \\$aWR14.046$c20140417$lBLL01$h1724
=CAT  \\$aWR13.144/5$c20140418$lBLL01$h1043
=CAT  \\$a11814$b40$c20140708$lBLL01$h1555
=CAT  \\$aWR14_057$b00$c20141011$lBLL01$h1511
=CAT  \\$aBATCH-DCW$b00$c20141101$lBLL01$h0207
=CAT  \\$aBATCH-FIX$c20160124$lBLL01$h1228
=CAT  \\$aBATCH-FIX$c20160125$lBLL01$h1512
=CAT  \\$aBATCH-DCW$b00$c20160710$lBLL01$h1009
=CAT  \\$aBATCH-DCW$c20160713$lBLL01$h1618
=CAT  \\$a1805-0738$c20181228$lBLL01$h1833
=CAT  \\$a1805-0738$b00$c20181228$lBLL01$h1917
=CAT  \\$aW1910-0531$b00$c20191108$lBLL01$h1813
=CAT  \\$aW2011-1472$b00$c20201127$lBLL01$h1833
=FIN  \\$aY$d20130227
=LKR  \\$aPAR$lBLL01$r776$b000929473$m[Bang up!] Songs, Duets, Trios, Chorusses, &c. &c. with a description of the scenery in the new comic pantomime, called Bang up! or, Harlequin prime, etc.$n[Bang up!] Songs, Duets, Trios, Chorusses, &c. &c. with a description of the scenery in the new comic pantomime, called Bang up! or, Harlequin prime, etc.
=DGM  \\$a000929473$bCatBridge variable field
=DRT  \\$aMSD
=DRT  \\$aGOOGLEBOOKS
=SRC  \\$aGOOGLEBOOKS$bGoogleBooks_20141031
=SRC  \\$aMSD$bMSBooks_20160709
=SRC  \\$aMSD$bmsdig_000172
=LAS  \\$aW2011-1472$b00$c20201127$lBLL01$h1833

