=LDR  02868 am a22006613  4500
=001  016286574
=003  Uk
=005  20201127183307.0
=007  cr\mn\024mpadp
=007  cr\mn\024mpada
=008  880516|1800||||enk\\\\|s\\\\\|||\||eng\\
=FMT  \\$a  BK
=040  \\$aUk$cUk
=100  1\$aDIBDIN, Thomas John.
=245  14$aThe Jew and the Doctor: a farce, in two acts, etc.$h[electronic resource]
=264  \1$aLondon :$bT. N. Longman & O. Rees,$c1800.
=300  \\$a32 pages ;$c(8º)
=336  \\$atext$2rdacontent
=337  \\$acomputer$2rdamedia
=338  \\$aonline resource$2rdacarrier
=340  \\$m8vo$2rdabf
=775  0\$t[The Jew and the Doctor: a farce, in two acts, etc.]$w(Uk)MP1.0000979208.1$dpp. 32. Longman, Hurst, Rees, & Orme: London, 1805. 8º.
=775  0\$t[The Jew and the Doctor: a farce, in two acts, etc.]$w(Uk)MP1.0000979208.2$nIn: Inchbald (Elizabeth) A Collection of Farces, etc. pp. 47-78. 1815. 12º.
=775  0\$t[The Jew and the Doctor: a farce, in two acts, etc.]$w(Uk)MP1.0000979208.3$dpp. 31. John Cumberland: London, [1835?] 12º.
=856  41$uhttp://books.google.co.uk/books?vid=BL:A0017668910$yGoogle_Books
=859  \\$aXLD$bMS Digitised
=859  \\$aXLD$bMSD
=859  \\$aXLD$bGOOGLEBOOKS
=883  0\$aLanguage codes assigned by Bayesian analysis of words present in record$d20201028$qUk$c0.9010
=852  4\$aBritish Library$bHMNTS$cDRT$jDigital Store 643.f.11.(4.)
=985  \\$aCorrected by MS generated file for WR# 1805-0738
=985  \\$aEnhanced by MS generated file for WR# 12/139
=985  \\$aUpgraded by BSS-generated file for WR2011-1472
=CAT  \\$aBATCH-MSDN$b00$c20130227$lBLL01$h1541
=CAT  \\$aMSD-SUPP$c20130227$lBLL01$h1832
=CAT  \\$aBATCH-UPD$b00$c20130318$lBLL01$h1050
=CAT  \\$aWR12.139$b00$c20130708$lBLL01$h1810
=CAT  \\$aWR13.117$c20130720$lBLL01$h1920
=CAT  \\$aWR14.046$c20140417$lBLL01$h1724
=CAT  \\$aWR13.144/5$c20140418$lBLL01$h1043
=CAT  \\$aWR14_057$b00$c20141011$lBLL01$h1511
=CAT  \\$aBATCH-DCW$b00$c20141030$lBLL01$h0208
=CAT  \\$aBATCH-FIX$c20160124$lBLL01$h1228
=CAT  \\$aBATCH-FIX$c20160125$lBLL01$h1512
=CAT  \\$aBATCH-DCW$b00$c20160710$lBLL01$h1009
=CAT  \\$aBATCH-DCW$c20160713$lBLL01$h1618
=CAT  \\$a1805-0738$c20181228$lBLL01$h1833
=CAT  \\$a1805-0738$b00$c20181228$lBLL01$h1917
=CAT  \\$aW2011-1472$b00$c20201127$lBLL01$h1833
=FIN  \\$aY$d20130227
=LKR  \\$aPAR$lBLL01$r776$b000929666$mThe Jew and the Doctor: a farce, in two acts, etc.$nThe Jew and the Doctor: a farce, in two acts, etc.
=DGM  \\$a000929666$bCatBridge variable field
=DRT  \\$aMSD
=DRT  \\$aGOOGLEBOOKS
=SRC  \\$aGOOGLEBOOKS$bGoogleBooks_20141029
=SRC  \\$aMSD$bMSBooks_20160709
=SRC  \\$aMSD$bmsdig_000172
=LAS  \\$aW2011-1472$b00$c20201127$lBLL01$h1833

