=LDR  02636 am a22006493  4500
=001  016287266
=003  Uk
=005  20160531110248.0
=007  cr\mn\024mpadp
=007  cr\mn\024mpada
=008  881229s1817\\\\enk\\\\|s\\\\\|||\||eng\\
=FMT  \\$a  BK
=040  \\$aUk$cUk
=100  1\$aKemble, John Philip,$d1757-1823.
=245  10$aMacbeth, and King Richard the Third: an Essay, in answer to Remarks [by T. Whately] on some of the Characters of Shakspeare.$h[electronic resource]
=264  \1$aLondon,$c1817.
=300  \\$c(8º)
=336  \\$atext$2rdacontent
=337  \\$acomputer$2rdamedia
=338  \\$aonline resource$2rdacarrier
=340  \\$m8vo$2rdabf
=600  10$aShakespeare, William,$d1564-1616.$tMacbeth.
=600  10$aShakespeare, William,$d1564-1616.$tKing Richard III.
=700  1\$aWHATELY, Thomas,$cM.P.
=856  41$uhttp://books.google.co.uk/books?vid=BL:A0017659775$yGoogle_Books
=859  \\$aXLD$bMS Digitised
=859  \\$aXLD$bMSD
=859  \\$aXLD$bGOOGLEBOOKS
=852  4\$aBritish Library$bHMNTS$cDRT$jDigital Store 642.d.20.
=985  \\$aCorrected by MS generated file for WR# 1805-0738
=CAT  \\$aBATCH-MSDN$b00$c20130227$lBLL01$h1541
=CAT  \\$aMSD-SUPP$c20130227$lBLL01$h1832
=CAT  \\$aBATCH-UPD$b00$c20130318$lBLL01$h1050
=CAT  \\$aWR13.117$c20130720$lBLL01$h1921
=CAT  \\$aWR14.046$c20140417$lBLL01$h1725
=CAT  \\$aWR13.144/5$c20140418$lBLL01$h1043
=CAT  \\$aWR14_057$b00$c20141011$lBLL01$h1511
=CAT  \\$aBATCH-UPD$b00$c20141011$lBLL01$h1628
=CAT  \\$aBATCH-DCW$b00$c20141113$lBLL01$h0206
=CAT  \\$aBATCH-UPD$b00$c20150602$lBLL01$h1202
=CAT  \\$aBATCH-FIX$c20160124$lBLL01$h1228
=CAT  \\$aBATCH-FIX$c20160125$lBLL01$h1511
=CAT  \\$a8874$b40$c20160531$lBLL01$h1102
=CAT  \\$aBATCH-DCW$b00$c20160710$lBLL01$h1009
=CAT  \\$aBATCH-DCW$c20160713$lBLL01$h1618
=CAT  \\$aBATCH-UPD$b00$c20181110$lBLL01$h1820
=CAT  \\$a1805-0738$c20190121$lBLL01$h1741
=CAT  \\$a1805-0738$b00$c20190121$lBLL01$h1745
=FIN  \\$aY$d20130227
=LKR  \\$aPAR$lBLL01$r776$b001945847$mMacbeth, and King Richard the Third: an Essay, in answer to Remarks [by T. Whately] on some of the Characters of Shakspeare.$nMacbeth, and King Richard the Third: an Essay, in answer to Remarks [by T. Whately] on some of the Characters of Shakspeare.
=DGM  \\$a001945847$bCatBridge variable field
=DRT  \\$aMSD
=DRT  \\$aGOOGLEBOOKS
=SRC  \\$aGOOGLEBOOKS$bGoogleBooks_20141112
=SRC  \\$aMSD$bMSBooks_20160709
=SRC  \\$aMSD$bmsdig_000172
=LAS  \\$a1805-0738$b00$c20190121$lBLL01$h1745

