=LDR  02390 am a22006133  4500
=001  016287348
=003  Uk
=005  20201127183307.0
=007  cr\mn\024mpadp
=007  cr\mn\024mpada
=008  890201|1796||||enk\\\\|s\\\\\|||\||eng\\
=FMT  \\$a  BK
=040  \\$aUk$cUk
=100  1\$aLEE, Sophia,$cAuthor of "The Chapter of Accidents".
=245  10$aAlmeyda, Queen of Granada. A tragedy in five acts [and in verse].$h[electronic resource]
=264  \1$aLondon,$c1796.
=300  \\$c(8º)
=336  \\$atext$2rdacontent
=337  \\$acomputer$2rdamedia
=338  \\$aonline resource$2rdacarrier
=340  \\$m8vo$2rdabf
=856  41$uhttp://books.google.co.uk/books?vid=BL:A0017668900$yGoogle_Books
=859  \\$aXLD$bMS Digitised
=859  \\$aXLD$bMSD
=859  \\$aXLD$bGOOGLEBOOKS
=883  0\$aLanguage codes assigned by Bayesian analysis of words present in record$d20201028$qUk$c0.9010
=852  4\$aBritish Library$bHMNTS$cDRT$jDigital Store 643.f.4.(5.)
=985  \\$aUpgraded by BSS-generated file for WR1910-0531
=985  \\$aUpgraded by BSS-generated file for WR2011-1472
=CAT  \\$aBATCH-MSDN$b00$c20130227$lBLL01$h1541
=CAT  \\$aMSD-SUPP$c20130227$lBLL01$h1832
=CAT  \\$aBATCH-UPD$b00$c20130318$lBLL01$h1050
=CAT  \\$aWR13.117$c20130720$lBLL01$h1921
=CAT  \\$aWR14.046$c20140417$lBLL01$h1725
=CAT  \\$aWR13.144/5$c20140418$lBLL01$h1043
=CAT  \\$aWR14_057$b00$c20141011$lBLL01$h1511
=CAT  \\$aBATCH-DCW$b00$c20141028$lBLL01$h0211
=CAT  \\$aBATCH-FIX$c20160124$lBLL01$h1228
=CAT  \\$aBATCH-FIX$c20160125$lBLL01$h1512
=CAT  \\$aBATCH-DCW$b00$c20160710$lBLL01$h1009
=CAT  \\$aBATCH-DCW$c20160713$lBLL01$h1618
=CAT  \\$a1805-0738$c20181228$lBLL01$h1833
=CAT  \\$a1805-0738$b00$c20181228$lBLL01$h1917
=CAT  \\$aW1910-0531$b00$c20191108$lBLL01$h1813
=CAT  \\$aW2011-1472$b00$c20201127$lBLL01$h1833
=FIN  \\$aY$d20130227
=LKR  \\$aPAR$lBLL01$r776$b002111432$mAlmeyda, Queen of Granada. A tragedy in five acts [and in verse].$nAlmeyda, Queen of Granada. A tragedy in five acts [and in verse].
=DGM  \\$a002111432$bCatBridge variable field
=DRT  \\$aMSD
=DRT  \\$aGOOGLEBOOKS
=SRC  \\$aGOOGLEBOOKS$bGoogleBooks_20141027
=SRC  \\$aMSD$bMSBooks_20160709
=SRC  \\$aMSD$bmsdig_000172
=LAS  \\$aW2011-1472$b00$c20201127$lBLL01$h1833

