=LDR  02719cam a22006133  4500
=001  016287554
=003  Uk
=005  20230613153032.0
=007  cr\mn\024mpadp
=007  cr\mn\024mpada
=008  890428|1811|||||||\\\\|s\\\\||||\||eng\\
=FMT  \\$a  BK
=040  \\$aUk$cUk
=245  10$aMary's Bower, or, the Castle on the Glen; a pastoral drama of five acts [in verse]: founded on a real event in Scotland about the end of the fifteenth century. [By Robert Brown.]$h[electronic resource]
=264  \1$aEdinburgh,$c1811.
=300  \\$c(8º)
=336  \\$atext$2rdacontent
=337  \\$acomputer$2rdamedia
=338  \\$aonline resource$2rdacarrier
=340  \\$m8vo$2rdabf
=651  \7$aScotland.$2fast$0(OCoLC)fst01206715
=655  \7$aDrama.$2fast$0(OCoLC)fst01423879
=720  \\$aMARY
=856  41$uhttp://books.google.co.uk/books?vid=BL:A0017668919$yGoogle_Books
=859  \\$aXLD$bGOOGLEBOOKS
=859  \\$aXLD$bMS Digitised
=859  \\$aXLD$bMSD
=883  0\$aLanguage codes assigned by Bayesian analysis of words present in record$d20201028$qUk$c0.9010
=852  4\$cDRT$jDigital Store 643.f.15.(7.)$aBritish Library$bHMNTS
=985  \\$aEnhanced during collaborative project with UCL (course BASC0033). 2022-23.
=985  \\$aCorrected by MS generated file for WR# 1805-0738
=985  \\$aUpgraded by BSS-generated file for WR2011-1472
=CAT  \\$aBATCH-MSDN$b00$c20130227$lBLL01$h1542
=CAT  \\$aMSD-SUPP$c20130227$lBLL01$h1832
=CAT  \\$aBATCH-UPD$b00$c20130318$lBLL01$h1050
=CAT  \\$aWR13.117$c20130720$lBLL01$h1921
=CAT  \\$aWR14.046$c20140417$lBLL01$h1725
=CAT  \\$aWR13.144/5$c20140418$lBLL01$h1043
=CAT  \\$aWR14_057$b00$c20141011$lBLL01$h1511
=CAT  \\$aBATCH-DCW$b00$c20160710$lBLL01$h1009
=CAT  \\$aBATCH-DCW$b00$c20161110$lBLL01$h0218
=CAT  \\$a1805-0738$c20181228$lBLL01$h1833
=CAT  \\$a1805-0738$b00$c20181228$lBLL01$h1917
=CAT  \\$aW2011-1472$b00$c20201127$lBLL01$h1833
=CAT  \\$a14185$b40$c20230613$lBLL01$h1530
=FIN  \\$aY$d20130227
=LKR  \\$aPAR$lBLL01$r776$b002408039$mMary's Bower, or, the Castle on the Glen; a pastoral drama of five acts [in verse]: founded on a real event in Scotland about the end of the fifteenth century. [By Robert Brown.]$nMary's Bower, or, the Castle on the Glen; a pastoral drama of five acts [in verse]: founded on a real event in Scotland about the end of the fifteenth century. [By Robert Brown.]
=DGM  \\$a002408039$bCatBridge variable field
=DRT  \\$aGOOGLEBOOKS
=DRT  \\$aMSD
=SRC  \\$aGOOGLEBOOKS$bGoogleBooks_20161109
=SRC  \\$aMSD$bMSBooks_20160709
=SRC  \\$aMSD$bmsdig_000172
=LAS  \\$a14185$b40$c20230613$lBLL01$h1530

