=LDR  04040 am a22006973  4500
=001  016288011
=003  Uk
=005  20191108181334.0
=007  cr\mn\024mpadp
=007  cr\mn\024mpada
=008  900112|1803||||enk\\\\|s\\\\\|||\||eng\\
=FMT  \\$a  BK
=040  \\$aUk$cUk
=100  1\$aPORTEUS, Beilby,$csuccessively Bishop of Chester and of London.
=245  10$aDeath; a Seatonian prize poem ... A new edition, to which is added an Epitaph on King George the Second, etc.$h[electronic resource]
=264  \1$aLondon :$bJ. Spragg,$c1803.
=300  \\$a30 pages ;$c(8º)
=336  \\$atext$2rdacontent
=337  \\$acomputer$2rdamedia
=338  \\$aonline resource$2rdacarrier
=340  \\$m8vo$2rdabf
=775  0\$t[Death; a Seatonian prize poem ... A new edition, to which is added an Epitaph on King George the Second, etc.]$w(Uk)MP1.0003153971.1$dLondon, 1805. 8º.
=775  0\$t[Death; a Seatonian prize poem ... A new edition, to which is added an Epitaph on King George the Second, etc.]$w(Uk)MP1.0003153971.2$dLondon, 1806. 12º.
=775  0\$t[Death; a Seatonian prize poem ... A new edition, to which is added an Epitaph on King George the Second, etc.]$w(Uk)MP1.0003153971.3$nIn Cambridge.-University of Cambridge. [Prize Poems and Essays.] Musæ Seatonianæ, etc. vol. 1. 1808. 8º.
=775  0\$t[Death; a Seatonian prize poem ... A new edition, to which is added an Epitaph on King George the Second, etc.]$w(Uk)MP1.0003153971.4$nIn Evans (J.) LL.D., of Islington. The Poetic Garland, etc. 1808. 12º.
=775  0\$t[Death; a Seatonian prize poem ... A new edition, to which is added an Epitaph on King George the Second, etc.]$w(Uk)MP1.0003153971.5$nIn Monitor. The Monitor, etc. 1808. 12º.
=775  0\$t[Death; a Seatonian prize poem ... A new edition, to which is added an Epitaph on King George the Second, etc.]$w(Uk)MP1.0003153971.6$d1808.
=775  0\$t[Death; a Seatonian prize poem ... A new edition, to which is added an Epitaph on King George the Second, etc.]$w(Uk)MP1.0003153971.7$dLondon, 1809. 12º.
=775  0\$t[Death; a Seatonian prize poem ... A new edition, to which is added an Epitaph on King George the Second, etc.]$w(Uk)MP1.0003153971.8$d1822.
=775  0\$t[Death; a Seatonian prize poem ... A new edition, to which is added an Epitaph on King George the Second, etc.]$w(Uk)MP1.0003153971.9$d1822.
=856  41$uhttp://books.google.co.uk/books?vid=BL:A0017791956$yGoogle_Books
=859  \\$aXLD$bMS Digitised
=859  \\$aXLD$bMSD
=859  \\$aXLD$bGOOGLEBOOKS
=852  4\$aBritish Library$bHMNTS$cDRT$jDigital Store 11602.dd.23.(1.)
=985  \\$aUpgraded by BSS-generated file for WR1910-0531
=CAT  \\$aBATCH-MSDN$b00$c20130227$lBLL01$h1542
=CAT  \\$aMSD-SUPP$c20130227$lBLL01$h1832
=CAT  \\$aBATCH-UPD$b00$c20130318$lBLL01$h1050
=CAT  \\$aWR13.117$c20130720$lBLL01$h1921
=CAT  \\$aWR14.046$c20140417$lBLL01$h1725
=CAT  \\$aWR13.144/5$c20140418$lBLL01$h1043
=CAT  \\$aBATCH-DCW$b00$c20140905$lBLL01$h0207
=CAT  \\$aWR14_057$b00$c20151129$lBLL01$h2001
=CAT  \\$aBATCH-FIX$c20160124$lBLL01$h1228
=CAT  \\$aBATCH-FIX$c20160125$lBLL01$h1512
=CAT  \\$aBATCH-DCW$b00$c20160710$lBLL01$h1009
=CAT  \\$aBATCH-DCW$c20160713$lBLL01$h1618
=CAT  \\$aW1807-0595$c20180717$lBLL01$h1730
=CAT  \\$a1805-0738$c20181228$lBLL01$h1833
=CAT  \\$a1805-0738$b00$c20181228$lBLL01$h1917
=CAT  \\$aW1910-0531$b00$c20191108$lBLL01$h1813
=FIN  \\$aY$d20130227
=LKR  \\$aPAR$lBLL01$r776$b002963056$mDeath; a Seatonian prize poem ... A new edition, to which is added an Epitaph on King George the Second, etc.$nDeath; a Seatonian prize poem ... A new edition, to which is added an Epitaph on King George the Second, etc.
=DGM  \\$a002963056$bCatBridge variable field
=DRT  \\$aMSD
=DRT  \\$aGOOGLEBOOKS
=SRC  \\$aGOOGLEBOOKS$bGoogleBooks_20140904
=SRC  \\$aMSD$bMSBooks_20160709
=SRC  \\$aMSD$bmsdig_000172
=LAS  \\$aW1910-0531$b00$c20191108$lBLL01$h1813

