=LDR  03020 am a22006733  4500
=001  016288223
=003  Uk
=005  20201127183308.0
=007  cr\mn\024mpadp
=007  cr\mn\024mpada
=008  950413|1787||||enk\\\\|s\\\\\|||\||eng\\
=FMT  \\$a  BK
=040  \\$aUk$cUk
=041  1\$aeng$hfre
=100  1\$aBOURLIN, Antoine Jean,$ccalling himself Dumaniant.
=245  14$aThe Midnight Hour; or, War of wits. A farce. In two acts. Translated from the French, "Ruse contre ruse; ou, la Guerre ouverte," etc. [An adaptation of "Guerre ouverte" by A. J. Bourlin.]$h[electronic resource]
=264  \1$aLondon :$bH. D. Symonds,$c1787.
=300  \\$a36 pages ;$c(8º)
=336  \\$atext$2rdacontent
=337  \\$acomputer$2rdamedia
=338  \\$aonline resource$2rdacarrier
=340  \\$m8vo$2rdabf
=720  \\$aRUSE
=720  \\$aMIDNIGHT HOUR
=886  2\$2blmarc$a709$b00$aRUSE$p643.e.16.(9.)$x2842770110
=886  2\$2blmarc$a709$b00$aMIDNIGHT HOUR$p643.e.16.(9.)$x221075013X
=856  41$uhttp://books.google.co.uk/books?vid=BL:A0017668891$yGoogle_Books
=859  \\$aXLD$bMS Digitised
=859  \\$aXLD$bMSD
=859  \\$aXLD$bGOOGLEBOOKS
=883  0\$aLanguage codes assigned by Bayesian analysis of words present in record$d20201028$qUk$c0.9010
=852  4\$aBritish Library$bHMNTS$cDRT$jDigital Store 643.e.16.(9.)
=985  \\$aUpgraded by BSS-generated file for WR1910-0531
=985  \\$aUpgraded by BSS-generated file for WR2011-1472
=CAT  \\$aBATCH-MSDN$b00$c20130227$lBLL01$h1542
=CAT  \\$aMSD-SUPP$c20130227$lBLL01$h1832
=CAT  \\$aBATCH-UPD$b00$c20130318$lBLL01$h1050
=CAT  \\$aWR13.117$c20130720$lBLL01$h1921
=CAT  \\$aWR14.046$c20140417$lBLL01$h1725
=CAT  \\$aWR13.144/5$c20140418$lBLL01$h1043
=CAT  \\$aWR14_057$b00$c20141011$lBLL01$h1511
=CAT  \\$aBATCH-DCW$b00$c20141027$lBLL01$h0221
=CAT  \\$aBATCH-FIX$c20160124$lBLL01$h1228
=CAT  \\$aBATCH-FIX$c20160125$lBLL01$h1512
=CAT  \\$aBATCH-DCW$b00$c20160710$lBLL01$h1009
=CAT  \\$aBATCH-DCW$c20160713$lBLL01$h1618
=CAT  \\$a1805-0738$c20181228$lBLL01$h1833
=CAT  \\$a1805-0738$b00$c20181228$lBLL01$h1917
=CAT  \\$aW1910-0531$b00$c20191108$lBLL01$h1813
=CAT  \\$aW2011-1472$b00$c20201127$lBLL01$h1833
=FIN  \\$aY$d20130227
=LKR  \\$aPAR$lBLL01$r776$b003190676$mThe Midnight Hour; or, War of wits. A farce. In two acts. Translated from the French, "Ruse contre ruse; ou, la Guerre ouverte," etc. [An adaptation of "Guerre ouverte" by A. J. Bourlin.]$nThe Midnight Hour; or, War of wits. A farce. In two acts. Translated from the French, "Ruse contre ruse; ou, la Guerre ouverte," etc. [An adaptation of "Guerre ouverte" by A. J. Bourlin.]
=DGM  \\$a003190676$bCatBridge variable field
=DRT  \\$aMSD
=DRT  \\$aGOOGLEBOOKS
=SRC  \\$aGOOGLEBOOKS$bGoogleBooks_20141026
=SRC  \\$aMSD$bMSBooks_20160709
=SRC  \\$aMSD$bmsdig_000172
=LAS  \\$aW2011-1472$b00$c20201127$lBLL01$h1833

