=LDR  02346 am a22006133  4500
=001  016288328
=003  Uk
=005  20191108181336.0
=007  cr\mn\024mpadp
=007  cr\mn\024mpada
=008  900321|1692||||enk\\\\|s\\\\\|||\||eng\\
=FMT  \\$a  BK
=040  \\$aUk$cUk
=100  1\$aSETTLE, Elkanah.
=245  10$a[Cambyses, King of Persia, a tragedy [in five acts and in verse], etc.]$h[electronic resource]
=250  \\$aFourth edition.
=264  \1$aLondon,$c1692.
=300  \\$c(4º)
=336  \\$atext$2rdacontent
=337  \\$acomputer$2rdamedia
=338  \\$aonline resource$2rdacarrier
=340  \\$m4to$2rdabf
=787  0\$tCambyses, King of Persia, a tragedy [in five acts and in verse], etc.$w(Uk)MP1.0003569955$dLondon, 1671. 4º.
=856  41$uhttp://books.google.co.uk/books?vid=BL:A0020150588$yGoogle_Books
=859  \\$aXLD$bMS Digitised
=859  \\$aXLD$bMSD
=859  \\$aXLD$bGOOGLEBOOKS
=852  4\$aBritish Library$bHMNTS$cDRT$jDigital Store 644.i.7.
=985  \\$aUpgraded by BSS-generated file for WR1910-0531
=CAT  \\$aBATCH-MSDN$b00$c20130227$lBLL01$h1542
=CAT  \\$aMSD-SUPP$c20130227$lBLL01$h1832
=CAT  \\$aBATCH-UPD$b00$c20130318$lBLL01$h1050
=CAT  \\$aWR13.117$c20130720$lBLL01$h1921
=CAT  \\$aWR14.046$c20140417$lBLL01$h1725
=CAT  \\$aWR13.144/5$c20140418$lBLL01$h1043
=CAT  \\$aBATCH-DCW$b00$c20150922$lBLL01$h0204
=CAT  \\$aWR14_057$b00$c20151129$lBLL01$h2002
=CAT  \\$aBATCH-FIX$c20160124$lBLL01$h1228
=CAT  \\$aBATCH-FIX$c20160125$lBLL01$h1512
=CAT  \\$aBATCH-DCW$b00$c20160710$lBLL01$h1009
=CAT  \\$aBATCH-DCW$c20160713$lBLL01$h1618
=CAT  \\$aW1807-0595$c20180717$lBLL01$h1730
=CAT  \\$a1805-0738$c20181228$lBLL01$h1833
=CAT  \\$a1805-0738$b00$c20181228$lBLL01$h1917
=CAT  \\$aW1910-0531$b00$c20191108$lBLL01$h1813
=FIN  \\$aY$d20130227
=LKR  \\$aPAR$lBLL01$r776$b003344286$m[Cambyses, King of Persia, a tragedy [in five acts and in verse], etc.]$n[Cambyses, King of Persia, a tragedy [in five acts and in verse], etc.]
=DGM  \\$a003344286$bCatBridge variable field
=DRT  \\$aMSD
=DRT  \\$aGOOGLEBOOKS
=SRC  \\$aGOOGLEBOOKS$bGoogleBooks_20150921
=SRC  \\$aMSD$bMSBooks_20160709
=SRC  \\$aMSD$bmsdig_000172
=LAS  \\$aW1910-0531$b00$c20191108$lBLL01$h1813

