=LDR  02701 am a22006493  4500
=001  015742549
=003  Uk
=005  20200626182707.0
=007  cr\mn\024mpadp
=007  cr\mn\024mpada
=008  870824|1860|||||||\\\\|s\\\\\|||\||ita\\
=040  \\$aUk$cUk
=100  1\$aALBERTI, Francesco Felice degli.
=245  10$aAnnali del principato ecclesiastico di Trento dal 1022 al 1540 compilati sui documenti da F. F. degli Alberti ... reintegrati ... da T. Gar.$h[electronic resource]
=264  \1$aTrento,$c1860.
=300  \\$ax, 550 pages ;$c(8º)
=336  \\$atext$2rdacontent
=337  \\$acomputer$2rdamedia
=338  \\$aonline resource$2rdacarrier
=700  1\$aGAR, Tommaso.
=852  4\$aBritish Library$bHMNTS$cDRT$jDigital Store 10132.d.1.
=856  41$uhttp://books.google.co.uk/books?vid=BL:A0017787563$yGoogle_Books
=859  \\$aXLD$bMS Digitised
=859  \\$aXLD$bMSD
=859  \\$aXLD$bGOOGLEBOOKS
=886  2\$2blmarc$a709$b00$aGAR$hTommaso$p10132.d.1.$x1193410010
=985  \\$aCorrected by MS generated file for WR# 11/211
=985  \\$aCorrected by MS generated file for WR# 1805-0738
=CAT  \\$aBATCH-MSDN$b00$c20110201$lBLL01$h1108
=CAT  \\$aBATCH-MSDE$b00$c20130227$lBLL01$h1542
=CAT  \\$aMSD-SUPP$c20130227$lBLL01$h1832
=CAT  \\$aBATCH-UPD$b00$c20130318$lBLL01$h1049
=CAT  \\$aWR13.117$c20130720$lBLL01$h1920
=CAT  \\$aWR14.046$c20140417$lBLL01$h1724
=CAT  \\$aWR13.144/5$c20140418$lBLL01$h1022
=CAT  \\$aBATCH-DCW$b00$c20141024$lBLL01$h0227
=CAT  \\$aWR11_211$c20141230$lBLL01$h1741
=CAT  \\$aBLSS-CORR$b00$c20141230$lBLL01$h1744
=CAT  \\$aWR14_057$b00$c20151129$lBLL01$h1954
=CAT  \\$aBATCH-FIX$c20160124$lBLL01$h1228
=CAT  \\$aBATCH-FIX$c20160125$lBLL01$h1511
=CAT  \\$aBATCH-DCW$b00$c20160710$lBLL01$h1009
=CAT  \\$aBATCH-DCW$c20160713$lBLL01$h1618
=CAT  \\$a1805-0738$c20181228$lBLL01$h1830
=CAT  \\$a1805-0738$b00$c20181228$lBLL01$h1915
=CAT  \\$aW2001-2376$c20200626$lBLL01$h1827
=DGM  \\$a000040627$bCatBridge variable field
=DRT  \\$aMSD
=DRT  \\$aGOOGLEBOOKS
=FIN  \\$aY$d20130227
=FMT  \\$a  BK
=LAS  \\$aW2001-2376$b00$c20200626$lBLL01$h1827
=LKR  \\$aPAR$lBLL01$r776$b000040627$mAnnali del principato ecclesiastico di Trento dal 1022 al 1540 compilati sui documenti da F. F. degli Alberti ... reintegrati ... da T. Gar.$nAnnali del principato ecclesiastico di Trento dal 1022 al 1540 compilati sui documenti da F. F. degli Alberti ... reintegrati ... da T. Gar.
=SRC  \\$aGOOGLEBOOKS$bGoogleBooks_20141023
=SRC  \\$aMSD$bMSBooks_20160709
=SRC  \\$aMSD$bmsdig_000172
=SRC  \\$aMSD$bmsdig_000616

