=LDR  03380cam a22007093  4500
=001  015742551
=003  Uk
=005  20220201174115.0
=007  cr\mn\024mpada
=007  cr\mn\024mpadp
=008  870824s1860\\\\pl\\\\\|s\\\\\|||\0|pol\\
=FMT  \\$a  BK
=040  \\$aUk$beng$cUk
=100  1\$aALBERTRANDY, Jan Chrzciciel,$cBishop of Zenopolis.
=245  10$aPanowanie Henryka Walezyusza i Stefana Batorego Królów Polskich :$bz rękopismów Albertrandego, podług wydania Ż. Onacewicza, z dołączeniem pamiętników historyi Stefana Batorego dotyczących, i listu J. Chiakora Sekretarza Król. opisującego ostatnie chwile tego monarchy.
=250  \\$a[Another edition.] Panowanie Henryka Walezyusza i Stefana Batorego Królów Polskich. Z rękopismów Albertrandego, podług wydania Ż. Onacewicza, z dołączeniem pamiętników historyi Stefana Batorego dotyczących, i listu J. Chiakora Sekretarza Król. opisującego ostatnie chwile tego monarchy.
=264  \1$aW Krakowie :$bNakładem Józefa Czecha,$c1860.
=300  \\$a461 pages ;$c(8º)
=336  \\$atext$2rdacontent
=337  \\$acomputer$2rdamedia
=338  \\$aonline resource$2rdacarrier
=651  \0$aPoland$xHistory$yHenry III, 1573-1574.
=651  \0$aPoland$xHistory$yJohn III Sobieski, 1674-1696.
=700  1\$aONACEWICZ, Żegota.
=787  0\$tPanowanie Henryka Walezyusza i Stefana Batorego Królów Polskich$w(Uk)MP1.0000045952
=856  41$uhttp://books.google.co.uk/books?vid=BL:A0018368349$yGoogle_Books
=859  \\$aXLD$bGOOGLEBOOKS
=859  \\$aXLD$bMS Digitised
=859  \\$aXLD$bMSD
=886  2\$2blmarc$a709$b00$aONACEWICZ$hŻegota$p9455.bb.35.$x2420110021$p9455.d.9.$x2420110021
=852  4\$aBritish Library$bHMNTS$cDRT$jDigital Store 9455.bb.35.
=985  \\$aCorrected by MS generated file for WR# 11/211
=985  \\$aCorrected by MS generated file for WR# 1805-0738
=CAT  \\$a1805-0738$b00$c20181228$lBLL01$h1915
=CAT  \\$a1805-0738$c20181228$lBLL01$h1830
=CAT  \\$aBATCH-DCW$b00$c20150125$lBLL01$h0210
=CAT  \\$aBATCH-DCW$b00$c20160710$lBLL01$h1009
=CAT  \\$aBATCH-DCW$c20160713$lBLL01$h1618
=CAT  \\$aBATCH-FIX$c20160124$lBLL01$h1228
=CAT  \\$aBATCH-FIX$c20160125$lBLL01$h1511
=CAT  \\$aBATCH-MSDE$b00$c20130227$lBLL01$h1542
=CAT  \\$aBATCH-MSDN$b00$c20110201$lBLL01$h1108
=CAT  \\$aBATCH-UPD$b00$c20130318$lBLL01$h1049
=CAT  \\$aBLSS-CORR$b00$c20141230$lBLL01$h1744
=CAT  \\$aMSD-SUPP$c20130227$lBLL01$h1832
=CAT  \\$aW2001-2376$c20200626$lBLL01$h1827
=CAT  \\$aWR11_211$c20141230$lBLL01$h1741
=CAT  \\$aWR13.117$c20130720$lBLL01$h1920
=CAT  \\$aWR13.144/5$c20140418$lBLL01$h1022
=CAT  \\$aWR14.046$c20140417$lBLL01$h1724
=CAT  \\$aWR14_057$b00$c20151129$lBLL01$h1954
=CAT  \\$aW2107-1297$b00$c20220201$lBLL01$h1741
=FIN  \\$aY$d20130227
=LKR  \\$aPAR$lBLL01$r776$b000041097$mPanowanie Henryka Walezyusza i Stefana Batorego Królów Polskich$nPanowanie Henryka Walezyusza i Stefana Batorego Królów Polskich
=DGM  \\$a000041097$bCatBridge variable field
=DRT  \\$aGOOGLEBOOKS
=DRT  \\$aMSD
=SRC  \\$aGOOGLEBOOKS$bGoogleBooks_20150124
=SRC  \\$aMSD$bMSBooks_20160709
=SRC  \\$aMSD$bmsdig_000172
=SRC  \\$aMSD$bmsdig_000616
=LAS  \\$aW2107-1297$b00$c20220201$lBLL01$h1741

