=LDR  02799 am a22006613  4500
=001  015742554
=003  Uk
=005  20110201110804.0
=007  cr\mn\024mpadp
=007  cr\mn\024mpada
=008  871021|1837|||||||\\\\|s\\\\||||\||ger\\
=040  \\$aUk$cUk
=240  10$aAppendix
=245  10$aRückblicke auf Algier und dessen Eroberung ... im Jahre 1830. Von einem Offizier aus dem Gefolge des Marschall grafen Baurmont [i.e. Friedrich von Schwarzenberg].$h[electronic resource]
=264  \1$aWien,$c1837.
=300  \\$avi, 215 pages ;$c(8º)
=336  \\$atext$2rdacontent
=337  \\$acomputer$2rdamedia
=338  \\$aonline resource$2rdacarrier
=340  \\$m8vo$2rdabf
=700  1\$aSCHWARZENBERG, Friedrich von,$cPrince.
=720  \\$aALGERIA
=852  4\$aBritish Library$bHMNTS$cDRT$jDigital Store 10095.g.30.
=856  41$uhttp://books.google.co.uk/books?vid=BL:A0017690026$yGoogle_Books
=859  \\$aXLD$bMS Digitised
=859  \\$aXLD$bMSD
=859  \\$aXLD$bGOOGLEBOOKS
=886  2\$2blmarc$a709$b00$aSCHWARZENBERG$hFriedrich von$fPrince$p10095.g.30.$x295234017X
=985  \\$aCorrected by MS generated file for WR# 11/211
=985  \\$aCorrected by MS generated file for WR# 1805-0738
=CAT  \\$aBATCH-MSDN$b00$c20110201$lBLL01$h1108
=CAT  \\$aBATCH-MSDE$b00$c20130227$lBLL01$h1542
=CAT  \\$aMSD-SUPP$c20130227$lBLL01$h1832
=CAT  \\$aBATCH-UPD$b00$c20130318$lBLL01$h1049
=CAT  \\$aWR13.117$c20130720$lBLL01$h1920
=CAT  \\$aWR14.046$c20140417$lBLL01$h1724
=CAT  \\$aWR13.144/5$c20140418$lBLL01$h1022
=CAT  \\$aBATCH-DCW$b00$c20141027$lBLL01$h0221
=CAT  \\$aWR11_211$c20141230$lBLL01$h1741
=CAT  \\$aBLSS-CORR$b00$c20141230$lBLL01$h1744
=CAT  \\$aWR14_057$b00$c20151129$lBLL01$h1954
=CAT  \\$aBATCH-FIX$c20160124$lBLL01$h1228
=CAT  \\$aBATCH-FIX$c20160125$lBLL01$h1511
=CAT  \\$aBATCH-DCW$b00$c20160710$lBLL01$h1009
=CAT  \\$aBATCH-DCW$c20160713$lBLL01$h1618
=CAT  \\$a1805-0738$c20181228$lBLL01$h1830
=CAT  \\$a1805-0738$b00$c20181228$lBLL01$h1915
=DGM  \\$a000051061$bCatBridge variable field
=DRT  \\$aMSD
=DRT  \\$aGOOGLEBOOKS
=FIN  \\$aY$d20130227
=FMT  \\$a  BK
=LAS  \\$a1805-0738$b00$c20181228$lBLL01$h1915
=LKR  \\$aPAR$lBLL01$r776$b000051061$mRückblicke auf Algier und dessen Eroberung ... im Jahre 1830. Von einem Offizier aus dem Gefolge des Marschall grafen Baurmont [i.e. Friedrich von Schwarzenberg].$nRückblicke auf Algier und dessen Eroberung ... im Jahre 1830. Von einem Offizier aus dem Gefolge des Marschall grafen Baurmont [i.e. Friedrich von Schwarzenberg].
=SRC  \\$aGOOGLEBOOKS$bGoogleBooks_20141026
=SRC  \\$aMSD$bMSBooks_20160709
=SRC  \\$aMSD$bmsdig_000172
=SRC  \\$aMSD$bmsdig_000616

