=LDR  02271cam a22006253  4500
=001  015742569
=003  Uk
=005  20220201174115.0
=007  cr\mn\024mpada
=007  cr\mn\024mpadp
=008  870921s1856\\\\ne\\\\\|s\\\\\|||\0|dut\\
=FMT  \\$a  BK
=040  \\$aUk$beng$cUk
=100  1\$aANDREAE, Johannes Henricks Beucker.
=245  10$aHerinneringen aan Italie.
=264  \1$aLeeuwarden :$bG. T. N. Suringar,$c1856.
=300  \\$ax, 242 pages ;$c(8º)
=336  \\$atext$2rdacontent
=337  \\$acomputer$2rdamedia
=338  \\$aonline resource$2rdacarrier
=650  \7$aTravel.$2fast$0(OCoLC)fst01155558
=651  \7$aItaly.$2fast$0(OCoLC)fst01204565
=856  41$uhttp://books.google.co.uk/books?vid=BL:A0017787386$yGoogle_Books
=859  \\$aXLD$bGOOGLEBOOKS
=859  \\$aXLD$bMS Digitised
=859  \\$aXLD$bMSD
=852  4\$cDRT$jDigital Store 10131.d.12.$aBritish Library$bHMNTS
=985  \\$aCorrected by MS generated file for WR# 11/211
=985  \\$aCorrected by MS generated file for WR# 1805-0738
=CAT  \\$a1805-0738$b00$c20181228$lBLL01$h1915
=CAT  \\$a1805-0738$c20181228$lBLL01$h1830
=CAT  \\$aBATCH-DCW$b00$c20160710$lBLL01$h1009
=CAT  \\$aBATCH-DCW$b00$c20161110$lBLL01$h0218
=CAT  \\$aBATCH-MSDE$b00$c20130227$lBLL01$h1542
=CAT  \\$aBATCH-MSDN$b00$c20110201$lBLL01$h1108
=CAT  \\$aBATCH-UPD$b00$c20130318$lBLL01$h1049
=CAT  \\$aBLSS-CORR$b00$c20141230$lBLL01$h1744
=CAT  \\$aMSD-SUPP$c20130227$lBLL01$h1832
=CAT  \\$aW2001-2376$c20200626$lBLL01$h1827
=CAT  \\$aWR11_211$c20141230$lBLL01$h1741
=CAT  \\$aWR13.117$c20130720$lBLL01$h1920
=CAT  \\$aWR13.144/5$c20140418$lBLL01$h1022
=CAT  \\$aWR14.046$c20140417$lBLL01$h1724
=CAT  \\$aWR14_057$b00$c20151129$lBLL01$h1955
=CAT  \\$aW2107-1297$b00$c20220201$lBLL01$h1741
=FIN  \\$aY$d20130227
=LKR  \\$aPAR$lBLL01$r776$b000082469$mHerinneringen aan Italie$nHerinneringen aan Italie
=DGM  \\$a000082469$bCatBridge variable field
=DRT  \\$aGOOGLEBOOKS
=DRT  \\$aMSD
=SRC  \\$aGOOGLEBOOKS$bGoogleBooks_20161109
=SRC  \\$aMSD$bMSBooks_20160709
=SRC  \\$aMSD$bmsdig_000172
=SRC  \\$aMSD$bmsdig_000616
=LAS  \\$aW2107-1297$b00$c20220201$lBLL01$h1741

