=LDR  02603 am a22006133  4500
=001  015742572
=003  Uk
=005  20200626182708.0
=007  cr\mn\024mpadp
=007  cr\mn\024mpada
=008  870921|1867||||xxu\\\\|s\\\\\|||\||eng\\
=040  \\$aUk$cUk
=100  1\$aANDREWS, Christopher Columbus.
=245  10$aHistory of the Campaign of Mobile; including the co-operative operations of Gen. Wilson's Cavalry in Alabama ... With maps and illustrations.$h[electronic resource]
=264  \1$aNew York :$bD. Van Nostrand,$c1867.
=300  \\$a276 pages ;$c(8º)
=336  \\$atext$2rdacontent
=337  \\$acomputer$2rdamedia
=338  \\$aonline resource$2rdacarrier
=700  1\$aWilson, James Harrison,$d1837-1925.
=852  4\$cDRT$jDigital Store 9603.ee.12.$aBritish Library$bHMNTS
=856  41$uhttp://books.google.com/books?vid=BL:A0022058740$yGoogle_Books
=859  \\$aXLD$bGOOGLEBOOKS
=859  \\$aXLD$bMS Digitised
=859  \\$aXLD$bMSD
=886  2\$2blmarc$a709$b00$aWILSON$hJames Harrison$p9603.ee.12.$x3530060003
=985  \\$aEnhanced by MS generated file for WR# 12/139
=985  \\$aCorrected by MS generated file for WR# 1805-0738
=CAT  \\$aBATCH-MSDN$b00$c20110201$lBLL01$h1108
=CAT  \\$a7416$b40$c20121109$lBLL01$h1415
=CAT  \\$aBATCH-MSDE$b00$c20130227$lBLL01$h1542
=CAT  \\$aMSD-SUPP$c20130227$lBLL01$h1832
=CAT  \\$aBATCH-UPD$b00$c20130318$lBLL01$h1049
=CAT  \\$aWR12.139$b00$c20130716$lBLL01$h1720
=CAT  \\$aWR13.117$c20130720$lBLL01$h1920
=CAT  \\$aWR14.046$c20140417$lBLL01$h1724
=CAT  \\$aWR13.144/5$c20140418$lBLL01$h1022
=CAT  \\$aBATCH-DCW$b00$c20160710$lBLL01$h1009
=CAT  \\$aBATCH-DCW$b00$c20170209$lBLL01$h0220
=CAT  \\$aWR14_057$b00$c20170504$lBLL01$h1839
=CAT  \\$a1805-0738$c20181228$lBLL01$h1830
=CAT  \\$a1805-0738$b00$c20181228$lBLL01$h1915
=CAT  \\$aW2001-2376$c20200626$lBLL01$h1827
=DGM  \\$a000084631$bCatBridge variable field
=DRT  \\$aGOOGLEBOOKS
=DRT  \\$aMSD
=FIN  \\$aY$d20130227
=FMT  \\$a  BK
=LAS  \\$aW2001-2376$b00$c20200626$lBLL01$h1827
=LKR  \\$aPAR$lBLL01$r776$b000084631$mHistory of the Campaign of Mobile; including the co-operative operations of Gen. Wilson's Cavalry in Alabama ... With maps and illustrations.$nHistory of the Campaign of Mobile; including the co-operative operations of Gen. Wilson's Cavalry in Alabama ... With maps and illustrations.
=SRC  \\$aGOOGLEBOOKS$bGoogleBooks_20170208
=SRC  \\$aMSD$bMSBooks_20160709
=SRC  \\$aMSD$bmsdig_000172
=SRC  \\$aMSD$bmsdig_000616

