=LDR  02429cam a22006493  4500
=001  015742578
=003  Uk
=005  20220201174115.0
=007  cr\mn\024mpada
=007  cr\mn\024mpadp
=008  870930s1844\\\\it\\\\\|s\\\\\|||\0|ita\\
=FMT  \\$a  BK
=040  \\$aUk$beng$cUk
=100  1\$aArduini, Carlo.
=245  10$aMemorie istoriche della città di Offida nella Marca d'Ancona.
=264  \1$aFermo :$bTipografia di Luigi Ciferri,$c1844.
=300  \\$a226 pages ;$c(8º)
=336  \\$atext$2rdacontent
=337  \\$acomputer$2rdamedia
=338  \\$aonline resource$2rdacarrier
=340  \\$m8vo$2rdabf
=648  \7$aTo 1844$2fast
=651  \7$aItaly$zOffida.$2fast$0(OCoLC)fst01285191
=655  \7$aHistory.$2fast$0(OCoLC)fst01411628
=856  41$uhttp://books.google.co.uk/books?vid=BL:A0017776270$yGoogle_Books
=859  \\$aXLD$bGOOGLEBOOKS
=859  \\$aXLD$bMS Digitised
=859  \\$aXLD$bMSD
=852  4\$aBritish Library$bHMNTS$cDRT$jDigital Store 10130.dd.16.
=985  \\$aCorrected by MS generated file for WR# 1805-0738
=CAT  \\$a1805-0738$b00$c20181228$lBLL01$h1915
=CAT  \\$a1805-0738$c20181228$lBLL01$h1830
=CAT  \\$aBATCH-DCW$b00$c20140627$lBLL01$h0035
=CAT  \\$aBATCH-DCW$b00$c20160710$lBLL01$h1009
=CAT  \\$aBATCH-DCW$c20160713$lBLL01$h1618
=CAT  \\$aBATCH-FIX$c20160124$lBLL01$h1228
=CAT  \\$aBATCH-FIX$c20160125$lBLL01$h1511
=CAT  \\$aBATCH-MSDE$b00$c20130227$lBLL01$h1542
=CAT  \\$aBATCH-MSDN$b00$c20110201$lBLL01$h1108
=CAT  \\$aBATCH-UPD$b00$c20130318$lBLL01$h1049
=CAT  \\$aBATCH-UPD$b00$c20150602$lBLL01$h1202
=CAT  \\$aMSD-SUPP$c20130227$lBLL01$h1832
=CAT  \\$aWR13.117$c20130720$lBLL01$h1920
=CAT  \\$aWR13.144/5$c20140418$lBLL01$h1022
=CAT  \\$aWR14.046$c20140417$lBLL01$h1724
=CAT  \\$aWR14_057$b00$c20151129$lBLL01$h1955
=CAT  \\$aW2107-1297$b00$c20220201$lBLL01$h1741
=FIN  \\$aY$d20130227
=LKR  \\$aPAR$lBLL01$r776$b000107012$mMemorie istoriche della città di Offida nella Marca d'Ancona$nMemorie istoriche della città di Offida nella Marca d'Ancona
=DGM  \\$a000107012$bCatBridge variable field
=DRT  \\$aGOOGLEBOOKS
=DRT  \\$aMSD
=SRC  \\$aGOOGLEBOOKS$bGoogleBooks_20140625_catchup
=SRC  \\$aMSD$bMSBooks_20160709
=SRC  \\$aMSD$bmsdig_000172
=SRC  \\$aMSD$bmsdig_000616
=LAS  \\$aW2107-1297$b00$c20220201$lBLL01$h1741

