=LDR  02137 am a22006013  4500
=001  015742584
=003  Uk
=005  20110201110805.0
=007  cr\mn\024mpadp
=007  cr\mn\024mpada
=008  871007|1849|||||||\\\\|s\\\\\|||\||mul\\
=040  \\$aUk$cUk
=041  \\$ager$aita
=100  1\$aASPERN, F. A. von.
=245  10$aBeiträge zur ältern Geschichte Holsteins.$h[electronic resource]
=264  \1$aHamburg,$c1849.
=300  \\$a168 pages ;$c(8º)
=336  \\$atext$2rdacontent
=337  \\$acomputer$2rdamedia
=338  \\$aonline resource$2rdacarrier
=340  \\$m8vo$2rdabf
=852  4\$aBritish Library$bHMNTS$cDRT$jDigital Store 9425.c.1.
=856  41$uhttp://books.google.co.uk/books?vid=BL:A0018359893$yGoogle_Books
=859  \\$aXLD$bMS Digitised
=859  \\$aXLD$bMSD
=859  \\$aXLD$bGOOGLEBOOKS
=985  \\$aCorrected by MS generated file for WR# 1805-0738
=CAT  \\$aBATCH-MSDN$b00$c20110201$lBLL01$h1108
=CAT  \\$aBATCH-MSDE$b00$c20130227$lBLL01$h1542
=CAT  \\$aMSD-SUPP$c20130227$lBLL01$h1832
=CAT  \\$aBATCH-UPD$b00$c20130318$lBLL01$h1049
=CAT  \\$aWR13.117$c20130720$lBLL01$h1920
=CAT  \\$aWR14.046$c20140417$lBLL01$h1724
=CAT  \\$aWR13.144/5$c20140418$lBLL01$h1022
=CAT  \\$aBATCH-DCW$b00$c20150128$lBLL01$h0209
=CAT  \\$aWR14_057$b00$c20151129$lBLL01$h1955
=CAT  \\$aBATCH-FIX$c20160124$lBLL01$h1228
=CAT  \\$aBATCH-FIX$c20160125$lBLL01$h1511
=CAT  \\$aBATCH-DCW$b00$c20160710$lBLL01$h1009
=CAT  \\$aBATCH-DCW$c20160713$lBLL01$h1618
=CAT  \\$a1805-0738$c20181228$lBLL01$h1830
=CAT  \\$a1805-0738$b00$c20181228$lBLL01$h1915
=DGM  \\$a000130618$bCatBridge variable field
=DRT  \\$aMSD
=DRT  \\$aGOOGLEBOOKS
=FIN  \\$aY$d20130227
=FMT  \\$a  BK
=LAS  \\$a1805-0738$b00$c20181228$lBLL01$h1915
=LKR  \\$aPAR$lBLL01$r776$b000130618$mBeiträge zur ältern Geschichte Holsteins.$nBeiträge zur ältern Geschichte Holsteins.
=SRC  \\$aGOOGLEBOOKS$bGoogleBooks_20150127
=SRC  \\$aMSD$bMSBooks_20160709
=SRC  \\$aMSD$bmsdig_000172
=SRC  \\$aMSD$bmsdig_000616

