=LDR  02973 am a22006613  4500
=001  015742602
=003  Uk
=005  20140221160303.0
=007  cr\mn\024mpadp
=007  cr\mn\024mpada
=008  880218|1826|||||||\\\\|s\\\\\|||\||fre\\
=040  \\$aUk$cUk
=100  1\$aBantysh-Kamenskīĭ, D. N.$q(Dmitrīĭ Nikolaevich),$d1788-1850.
=245  10$aSiècle de Pierre-le-Grand, ou actions et hauts faits des capitaines et des ministres qui se sont illustrés sous le règne de cet empereur ... Traduit du Russe et orné de portraits.$h[electronic resource]
=264  \1$aParis,$c1826.
=300  \\$a408 pages ;$c(8º)
=336  \\$atext$2rdacontent
=337  \\$acomputer$2rdamedia
=338  \\$aonline resource$2rdacarrier
=340  \\$m8vo$2rdabf
=720  \\$aPeter$bI,$cEmperor of Russia,$d1672-1725.$tAppendix
=852  4\$aBritish Library$bHMNTS$cDRT$jDigital Store 9455.bb.37.
=856  41$uhttp://books.google.co.uk/books?vid=BL:A0018368350$yGoogle_Books
=859  \\$aXLD$bMS Digitised
=859  \\$aXLD$bMSD
=859  \\$aXLD$bGOOGLEBOOKS
=886  2\$2blmarc$a709$b00$aPETER I., Emperor of Russia, called the Great$tAppendix$p9455.bb.37.$x2560110261
=985  \\$aCorrected by MS generated file for WR# 1805-0738
=CAT  \\$aBATCH-MSDN$b00$c20110201$lBLL01$h1108
=CAT  \\$a8964$b40$c20120213$lBLL01$h1557
=CAT  \\$aBATCH-MSDE$b00$c20130227$lBLL01$h1542
=CAT  \\$aMSD-SUPP$c20130227$lBLL01$h1832
=CAT  \\$aBATCH-UPD$b00$c20130318$lBLL01$h1049
=CAT  \\$aWR13.117$c20130720$lBLL01$h1920
=CAT  \\$a11853$b40$c20140221$lBLL01$h1603
=CAT  \\$aWR14.046$c20140417$lBLL01$h1724
=CAT  \\$aWR13.144/5$c20140418$lBLL01$h1022
=CAT  \\$aBATCH-DCW$b00$c20150125$lBLL01$h0210
=CAT  \\$aBATCH-UPD$b00$c20150602$lBLL01$h1202
=CAT  \\$aWR14_057$b00$c20151129$lBLL01$h1955
=CAT  \\$aBATCH-FIX$c20160124$lBLL01$h1228
=CAT  \\$aBATCH-FIX$c20160125$lBLL01$h1511
=CAT  \\$aBATCH-UPD$b00$c20160508$lBLL01$h2109
=CAT  \\$aBATCH-DCW$b00$c20160710$lBLL01$h1009
=CAT  \\$aBATCH-DCW$c20160713$lBLL01$h1618
=CAT  \\$a1805-0738$c20181228$lBLL01$h1830
=CAT  \\$a1805-0738$b00$c20181228$lBLL01$h1915
=DGM  \\$a000192018$bCatBridge variable field
=DRT  \\$aMSD
=DRT  \\$aGOOGLEBOOKS
=FIN  \\$aY$d20130227
=FMT  \\$a  BK
=LAS  \\$a1805-0738$b00$c20181228$lBLL01$h1915
=LKR  \\$aPAR$lBLL01$r776$b000192018$mSiècle de Pierre-le-Grand, ou actions et hauts faits des capitaines et des ministres qui se sont illustrés sous le règne de cet empereur ... Traduit du Russe et orné de portraits.$nSiècle de Pierre-le-Grand, ou actions et hauts faits des capitaines et des ministres qui se sont illustrés sous le règne de cet empereur ... Traduit du Russe et orné de portraits.
=SRC  \\$aGOOGLEBOOKS$bGoogleBooks_20150124
=SRC  \\$aMSD$bMSBooks_20160709
=SRC  \\$aMSD$bmsdig_000172
=SRC  \\$aMSD$bmsdig_000616

