=LDR  02210 am a22005893  4500
=001  015742604
=003  Uk
=005  20200626182708.0
=007  cr\mn\024mpadp
=007  cr\mn\024mpada
=008  880218|1854|||||||\\\\|s\\\\\|||\||fre\\
=040  \\$aUk$cUk
=100  1\$aBARD, Joseph.
=245  10$aL'Algérie en 1854. Itinéraire général de Tunis à Tanger, etc.$h[electronic resource]
=264  \1$aParis,$c1854.
=300  \\$a251 pages ;$c(8º)
=336  \\$atext$2rdacontent
=337  \\$acomputer$2rdamedia
=338  \\$aonline resource$2rdacarrier
=852  4\$aBritish Library$bHMNTS$cDRT$jDigital Store 010096.i.24.
=856  41$uhttp://books.google.co.uk/books?vid=BL:A0017711925$yGoogle_Books
=859  \\$aXLD$bMS Digitised
=859  \\$aXLD$bMSD
=859  \\$aXLD$bGOOGLEBOOKS
=985  \\$aCorrected by MS generated file for WR# 1805-0738
=CAT  \\$aBATCH-MSDN$b00$c20110201$lBLL01$h1108
=CAT  \\$aBATCH-MSDE$b00$c20130227$lBLL01$h1542
=CAT  \\$aMSD-SUPP$c20130227$lBLL01$h1832
=CAT  \\$aBATCH-UPD$b00$c20130318$lBLL01$h1049
=CAT  \\$aWR13.117$c20130720$lBLL01$h1920
=CAT  \\$aWR14.046$c20140417$lBLL01$h1724
=CAT  \\$aWR13.144/5$c20140418$lBLL01$h1022
=CAT  \\$aBATCH-DCW$b00$c20140730$lBLL01$h0208
=CAT  \\$aWR14_057$b00$c20151129$lBLL01$h1955
=CAT  \\$aBATCH-FIX$c20160124$lBLL01$h1228
=CAT  \\$aBATCH-FIX$c20160125$lBLL01$h1511
=CAT  \\$aBATCH-DCW$b00$c20160710$lBLL01$h1009
=CAT  \\$aBATCH-DCW$c20160713$lBLL01$h1618
=CAT  \\$a1805-0738$c20181228$lBLL01$h1830
=CAT  \\$a1805-0738$b00$c20181228$lBLL01$h1915
=CAT  \\$aW2001-2376$c20200626$lBLL01$h1827
=DGM  \\$a000198244$bCatBridge variable field
=DRT  \\$aMSD
=DRT  \\$aGOOGLEBOOKS
=FIN  \\$aY$d20130227
=FMT  \\$a  BK
=LAS  \\$aW2001-2376$b00$c20200626$lBLL01$h1827
=LKR  \\$aPAR$lBLL01$r776$b000198244$mL'Algérie en 1854. Itinéraire général de Tunis à Tanger, etc.$nL'Algérie en 1854. Itinéraire général de Tunis à Tanger, etc.
=SRC  \\$aGOOGLEBOOKS$bGoogleBooks_20140729
=SRC  \\$aMSD$bMSBooks_20160709
=SRC  \\$aMSD$bmsdig_000172
=SRC  \\$aMSD$bmsdig_000616

