=LDR  02616 am a22006253  4500
=001  015742605
=003  Uk
=005  20110201110806.0
=007  cr\mn\024mpadp
=007  cr\mn\024mpada
=008  871106|1846|||||||\\\\|s\\\\\|||\||swe\\
=040  \\$aUk$cUk
=100  1\$aBARFOD, Johan Christopher Georg.
=245  10$aMärkvärdigheter rörande Sveriges förhållanden 1788-1794 ... Utgifna efter författarens handskrift [by G. O. Hyltén-Cavallius].$h[electronic resource]
=264  \1$aStockholm,$c1846.
=300  \\$ax, 230 pages ;$c(8º)
=336  \\$atext$2rdacontent
=337  \\$acomputer$2rdamedia
=338  \\$aonline resource$2rdacarrier
=340  \\$m8vo$2rdabf
=700  1\$aHyltén-Cavallius, Gunnar Olof,$d1818-1889.
=852  4\$aBritish Library$bHMNTS$cDRT$jDigital Store 9435.dd.6.
=856  41$uhttp://books.google.co.uk/books?vid=BL:A0018360050$yGoogle_Books
=859  \\$aXLD$bMS Digitised
=859  \\$aXLD$bMSD
=859  \\$aXLD$bGOOGLEBOOKS
=886  2\$2blmarc$a709$b00$aHYLTÉN-CAVALLIUS$hGunnar Olof$p9435.dd.6.$x1564990001
=985  \\$aCorrected by MS generated file for WR# 1805-0738
=CAT  \\$aBATCH-MSDN$b00$c20110201$lBLL01$h1108
=CAT  \\$a11306$b40$c20120111$lBLL01$h0855
=CAT  \\$aBATCH-MSDE$b00$c20130227$lBLL01$h1542
=CAT  \\$aMSD-SUPP$c20130227$lBLL01$h1832
=CAT  \\$aBATCH-UPD$b00$c20130318$lBLL01$h1049
=CAT  \\$aWR13.117$c20130720$lBLL01$h1920
=CAT  \\$aWR14.046$c20140417$lBLL01$h1724
=CAT  \\$aWR13.144/5$c20140418$lBLL01$h1022
=CAT  \\$aBATCH-DCW$b00$c20150125$lBLL01$h0210
=CAT  \\$aWR14_057$b00$c20151129$lBLL01$h1955
=CAT  \\$aBATCH-FIX$c20160124$lBLL01$h1228
=CAT  \\$aBATCH-FIX$c20160125$lBLL01$h1511
=CAT  \\$aBATCH-DCW$b00$c20160710$lBLL01$h1009
=CAT  \\$aBATCH-DCW$c20160713$lBLL01$h1618
=CAT  \\$a1805-0738$c20181228$lBLL01$h1830
=CAT  \\$a1805-0738$b00$c20181228$lBLL01$h1915
=DGM  \\$a000199549$bCatBridge variable field
=DRT  \\$aMSD
=DRT  \\$aGOOGLEBOOKS
=FIN  \\$aY$d20130227
=FMT  \\$a  BK
=LAS  \\$a1805-0738$b00$c20181228$lBLL01$h1915
=LKR  \\$aPAR$lBLL01$r776$b000199549$mMärkvärdigheter rörande Sveriges förhållanden 1788-1794 ... Utgifna efter författarens handskrift [by G. O. Hyltén-Cavallius].$nMärkvärdigheter rörande Sveriges förhållanden 1788-1794 ... Utgifna efter författarens handskrift [by G. O. Hyltén-Cavallius].
=SRC  \\$aGOOGLEBOOKS$bGoogleBooks_20150124
=SRC  \\$aMSD$bMSBooks_20160709
=SRC  \\$aMSD$bmsdig_000172
=SRC  \\$aMSD$bmsdig_000616

