=LDR  02846cam a22006373  4500
=001  015742607
=003  Uk
=005  20200626182708.0
=007  cr\mn\024mpadp
=007  cr\mn\024mpada
=008  871106|1859|||||||\\\\|s\\\\\|||\||fre\\
=FMT  \\$a  BK
=040  \\$aUk$cUk
=100  1\$aBargès, J. J. L.$q(Jean Joseph Léandre),$d1810-1896.
=245  10$aTlemcen, ancienne capitale du royaume de ce nom, sa topographie, son histoire, description de ses principaux monuments, anecdotes, légendes et récits divers. Souvenirs d'un voyage. [With plates.]$h[electronic resource]
=264  \1$aParis,$c1859.
=300  \\$axvi, 479 pages ;$c(8º)
=336  \\$atext$2rdacontent
=337  \\$acomputer$2rdamedia
=338  \\$aonline resource$2rdacarrier
=856  41$uhttp://books.google.co.uk/books?vid=BL:A0017711906$yGoogle_Books
=859  \\$aXLD$bMS Digitised
=859  \\$aXLD$bMSD
=859  \\$aXLD$bGOOGLEBOOKS
=852  4\$aBritish Library$bHMNTS$cDRT$jDigital Store 10096.f.12.
=985  \\$aCorrected by MS generated file for WR# 11/211
=985  \\$aCorrected by MS generated file for WR# 1805-0738
=CAT  \\$aBATCH-MSDN$b00$c20110201$lBLL01$h1108
=CAT  \\$aBATCH-MSDE$b00$c20130227$lBLL01$h1542
=CAT  \\$aMSD-SUPP$c20130227$lBLL01$h1832
=CAT  \\$aBATCH-UPD$b00$c20130318$lBLL01$h1049
=CAT  \\$aWR13.117$c20130720$lBLL01$h1920
=CAT  \\$aWR14.046$c20140417$lBLL01$h1724
=CAT  \\$aWR13.144/5$c20140418$lBLL01$h1022
=CAT  \\$aBATCH-DCW$b00$c20140729$lBLL01$h0209
=CAT  \\$aWR11_211$c20141230$lBLL01$h1741
=CAT  \\$aBLSS-CORR$b00$c20141230$lBLL01$h1744
=CAT  \\$aWR14_057$b00$c20151129$lBLL01$h1955
=CAT  \\$aBATCH-FIX$c20160124$lBLL01$h1228
=CAT  \\$aBATCH-FIX$c20160125$lBLL01$h1511
=CAT  \\$aBATCH-DCW$b00$c20160710$lBLL01$h1009
=CAT  \\$aBATCH-DCW$c20160713$lBLL01$h1618
=CAT  \\$a1805-0738$c20181228$lBLL01$h1830
=CAT  \\$a1805-0738$b00$c20181228$lBLL01$h1915
=CAT  \\$aW2001-2376$c20200626$lBLL01$h1827
=CAT  \\$a4039$b40$c20220704$lBLL01$h1137
=FIN  \\$aY$d20130227
=LKR  \\$aPAR$lBLL01$r776$b000199859$mTlemcen, ancienne capitale du royaume de ce nom, sa topographie, son histoire, description de ses principaux monuments, anecdotes, légendes et récits divers. Souvenirs d'un voyage. [With plates.]$nTlemcen, ancienne capitale du royaume de ce nom, sa topographie, son histoire, description de ses principaux monuments, anecdotes, légendes et récits divers. Souvenirs d'un voyage. [With plates.]
=DGM  \\$a000199859$bCatBridge variable field
=DRT  \\$aMSD
=DRT  \\$aGOOGLEBOOKS
=SRC  \\$aGOOGLEBOOKS$bGoogleBooks_20140728
=SRC  \\$aMSD$bMSBooks_20160709
=SRC  \\$aMSD$bmsdig_000172
=SRC  \\$aMSD$bmsdig_000616
=LAS  \\$a4039$b40$c20220704$lBLL01$h1137

