=LDR  03540cam a22007693  4500
=001  015742608
=003  Uk
=005  20220907114008.0
=007  cr\mn\024mpadp
=007  cr\mn\024mpada
=008  871106|1866||||enk\\\\|s\\\\\|||\||eng\\
=FMT  \\$a  BK
=040  \\$aUk$cUk
=100  1\$aIngoldsby, Thomas,$d1788-1845.
=240  10$aIngoldsby Legends. Complete Editions
=245  10$a[The Ingoldsby Legends ... Second edition. [First series. With illustrations by George Cruikshank and John Leech.]]$h[electronic resource]
=264  \1$aLondon :$bRichard Bentley,$c1866.
=300  \\$axiv, 513 pages ;$c(4º)
=336  \\$atext$2rdacontent
=337  \\$acomputer$2rdamedia
=338  \\$aonline resource$2rdacarrier
=500  \\$aWith illustrations by George Cruikshank, John Leech, and John Tenniel.
=700  1\$aCruikshank, George,$d1792-1878.
=787  0\$tThe Ingoldsby Legends ... Second edition. [First series. With illustrations by George Cruikshank and John Leech.]$w(Uk)MP1.0000221991$dpp. xii. 338. Richard Bentley: London, 1843. 12º.
=886  2\$2blmarc$a709$b00$aCRUIKSHANK$hGeorge$fthe Elder$tWorks illustrated by Cruikshank$p11646.cc.1.$x0733730043$p11648.e.2.$x0733730043$p11651.f.2.$x0733730043$p11651.f.3.$x0733730043$p12654.d.4.$x0733730043
=856  41$uhttp://books.google.co.uk/books?vid=BL:A0018624753$yGoogle_Books
=859  \\$aXLD$bMS Digitised
=859  \\$aXLD$bMSD
=859  \\$aXLD$bGOOGLEBOOKS
=852  4\$aBritish Library$bHMNTS$cDRT$jDigital Store 11651.f.3.
=985  \\$aCorrected by MS generated file for WR# 11/211
=985  \\$aEnhanced by MS generated file for WR# 12/139
=985  \\$aCorrected by MS generated file for WR# 1805-0738
=985  \\$aFormer 250 field split into notes fields for WR#2209-0443
=CAT  \\$aBATCH-MSDN$b00$c20110201$lBLL01$h1108
=CAT  \\$aBATCH-MSDE$b00$c20130227$lBLL01$h1542
=CAT  \\$aMSD-SUPP$c20130227$lBLL01$h1832
=CAT  \\$aBATCH-UPD$b00$c20130318$lBLL01$h1049
=CAT  \\$aWR12.139$b00$c20130709$lBLL01$h1713
=CAT  \\$aWR13.117$c20130720$lBLL01$h1920
=CAT  \\$aWR14.046$c20140417$lBLL01$h1724
=CAT  \\$aWR13.144/5$c20140418$lBLL01$h1022
=CAT  \\$aWR14_057$b00$c20141011$lBLL01$h1510
=CAT  \\$aWR11_211$c20141230$lBLL01$h1741
=CAT  \\$aBLSS-CORR$b00$c20141230$lBLL01$h1744
=CAT  \\$aBATCH-DCW$b00$c20150306$lBLL01$h0216
=CAT  \\$aBATCH-UPD$b00$c20150602$lBLL01$h1202
=CAT  \\$aBATCH-FIX$c20160124$lBLL01$h1228
=CAT  \\$aBATCH-FIX$c20160125$lBLL01$h1511
=CAT  \\$aBATCH-DCW$b00$c20160710$lBLL01$h1009
=CAT  \\$aBATCH-DCW$c20160713$lBLL01$h1618
=CAT  \\$aW1807-0595$c20180717$lBLL01$h1729
=CAT  \\$a1805-0738$c20181228$lBLL01$h1830
=CAT  \\$a1805-0738$b00$c20181228$lBLL01$h1915
=CAT  \\$a8874$b40$c20191107$lBLL01$h1411
=CAT  \\$aW2001-2376$c20200626$lBLL01$h1827
=CAT  \\$aW2209-0443$c20220907$lBLL01$h1152
=FIN  \\$aY$d20130227
=LKR  \\$aPAR$lBLL01$r776$b000199974$m[The Ingoldsby Legends ... Second edition. [First series. With illustrations by George Cruikshank and John Leech.]]$n[The Ingoldsby Legends ... Second edition. [First series. With illustrations by George Cruikshank and John Leech.]]
=DGM  \\$a000199974$bCatBridge variable field
=DRT  \\$aMSD
=DRT  \\$aGOOGLEBOOKS
=SRC  \\$aGOOGLEBOOKS$bGoogleBooks_20150305
=SRC  \\$aMSD$bMSBooks_20160709
=SRC  \\$aMSD$bmsdig_000172
=SRC  \\$aMSD$bmsdig_000616
=LAS  \\$aW2209-0443$b00$c20220907$lBLL01$h1152

