=LDR  02502cam a22006373  4500
=001  015742614
=003  Uk
=005  20220615170820.0
=007  cr\mn\024mpadp
=007  cr\mn\024mpada
=008  871113|1860|||||||\\\\|s\\\\\|||\||fre\\
=FMT  \\$a  BK
=040  \\$aUk$cUk
=100  1\$aBaudry, Paul,$d1828-1886.
=245  10$a[Trois semaines en voyage, France, Bords du Rhin, Belgique.]$h[electronic resource]
=264  \1$aRouen,$c1860.
=300  \\$a214 pages ;$c(12º)
=336  \\$atext$2rdacontent
=337  \\$acomputer$2rdamedia
=338  \\$aonline resource$2rdacarrier
=787  0\$tTrois semaines en voyage, France, Bords du Rhin, Belgique.$w(Uk)MP1.0000251228$dpp. 215. Rouen, 1857. 12º.
=856  41$uhttp://books.google.co.uk/books?vid=BL:A0017766899$yGoogle_Books
=859  \\$aXLD$bMS Digitised
=859  \\$aXLD$bMSD
=859  \\$aXLD$bGOOGLEBOOKS
=852  4\$aBritish Library$bHMNTS$cDRT$jDigital Store 10106.cc.17.
=985  \\$aCorrected by MS generated file for WR# 1805-0738
=985  \\$aCorrected by MS generated file for WR# 2206-0922 (250 field removed)
=CAT  \\$aBATCH-MSDN$b00$c20110201$lBLL01$h1108
=CAT  \\$aBATCH-MSDE$b00$c20130227$lBLL01$h1542
=CAT  \\$aMSD-SUPP$c20130227$lBLL01$h1832
=CAT  \\$aBATCH-UPD$b00$c20130318$lBLL01$h1049
=CAT  \\$aWR13.117$c20130720$lBLL01$h1920
=CAT  \\$aWR14.046$c20140417$lBLL01$h1724
=CAT  \\$aWR13.144/5$c20140418$lBLL01$h1022
=CAT  \\$aBATCH-DCW$b00$c20140803$lBLL01$h0210
=CAT  \\$aBATCH-UPD$b00$c20150602$lBLL01$h1202
=CAT  \\$aWR14_057$b00$c20151129$lBLL01$h1955
=CAT  \\$aBATCH-FIX$c20160124$lBLL01$h1228
=CAT  \\$aBATCH-FIX$c20160125$lBLL01$h1511
=CAT  \\$aBATCH-DCW$b00$c20160710$lBLL01$h1009
=CAT  \\$aBATCH-DCW$c20160713$lBLL01$h1618
=CAT  \\$a1805-0738$c20181228$lBLL01$h1830
=CAT  \\$a1805-0738$b00$c20181228$lBLL01$h1915
=CAT  \\$aW2001-2376$c20200626$lBLL01$h1827
=CAT  \\$aW2206-0922$c20220615$lBLL01$h1708
=FIN  \\$aY$d20130227
=LKR  \\$aPAR$lBLL01$r776$b000228744$m[Trois semaines en voyage, France, Bords du Rhin, Belgique.]$n[Trois semaines en voyage, France, Bords du Rhin, Belgique.]
=DGM  \\$a000228744$bCatBridge variable field
=DRT  \\$aMSD
=DRT  \\$aGOOGLEBOOKS
=SRC  \\$aGOOGLEBOOKS$bGoogleBooks_20140802
=SRC  \\$aMSD$bMSBooks_20160709
=SRC  \\$aMSD$bmsdig_000172
=SRC  \\$aMSD$bmsdig_000616
=LAS  \\$aW2206-0922$b00$c20220615$lBLL01$h1708

