=LDR  02437cam a22006253  4500
=001  015742623
=003  Uk
=005  20220201174116.0
=007  cr\mn\024mpada
=007  cr\mn\024mpadp
=008  871118s1852\\\\ne\\\\\|s\\\\\|||\0|dut\\
=FMT  \\$a  BK
=040  \\$aUk$beng$cUk
=100  1\$aBEELOO, Adrianus.
=245  10$aNoord-Holland en de Noord-Hollanders in den vrijheidsoorlog tegen Spanje.
=264  \1$aHaarlem :$bDe Erven F. Bohn,$c1852.
=300  \\$axiv, 400 pages ;$c(8º)
=336  \\$atext$2rdacontent
=337  \\$acomputer$2rdamedia
=338  \\$aonline resource$2rdacarrier
=647  \7$aEighty Years' War$c(Netherlands :$d1568-1648)$0(OCoLC)fst01802133$2fast
=651  \7$aNetherlands$zNorth Holland.$2fast$0(OCoLC)fst01205570
=856  41$uhttp://books.google.co.uk/books?vid=BL:A0018337803$yGoogle_Books
=859  \\$aXLD$bGOOGLEBOOKS
=859  \\$aXLD$bMS Digitised
=859  \\$aXLD$bMSD
=852  4\$aBritish Library$bHMNTS$cDRT$jDigital Store 9415.h.18.
=985  \\$aCorrected by MS generated file for WR# 1805-0738
=CAT  \\$a1805-0738$b00$c20181228$lBLL01$h1915
=CAT  \\$a1805-0738$c20181228$lBLL01$h1830
=CAT  \\$aBATCH-DCW$b00$c20150123$lBLL01$h0208
=CAT  \\$aBATCH-DCW$b00$c20160710$lBLL01$h1009
=CAT  \\$aBATCH-DCW$c20160713$lBLL01$h1618
=CAT  \\$aBATCH-FIX$c20160124$lBLL01$h1228
=CAT  \\$aBATCH-FIX$c20160125$lBLL01$h1511
=CAT  \\$aBATCH-MSDE$b00$c20130227$lBLL01$h1542
=CAT  \\$aBATCH-MSDN$b00$c20110201$lBLL01$h1108
=CAT  \\$aBATCH-UPD$b00$c20130318$lBLL01$h1049
=CAT  \\$aMSD-SUPP$c20130227$lBLL01$h1832
=CAT  \\$aW2001-2376$c20200626$lBLL01$h1827
=CAT  \\$aWR13.117$c20130720$lBLL01$h1920
=CAT  \\$aWR13.144/5$c20140418$lBLL01$h1022
=CAT  \\$aWR14.046$c20140417$lBLL01$h1724
=CAT  \\$aWR14_057$b00$c20151129$lBLL01$h1955
=CAT  \\$aW2107-1297$b00$c20220201$lBLL01$h1741
=FIN  \\$aY$d20130227
=LKR  \\$aPAR$lBLL01$r776$b000249736$mNoord-Holland en de Noord-Hollanders in den vrijheidsoorlog tegen Spanje$nNoord-Holland en de Noord-Hollanders in den vrijheidsoorlog tegen Spanje
=DGM  \\$a000249736$bCatBridge variable field
=DRT  \\$aGOOGLEBOOKS
=DRT  \\$aMSD
=SRC  \\$aGOOGLEBOOKS$bGoogleBooks_20150122
=SRC  \\$aMSD$bMSBooks_20160709
=SRC  \\$aMSD$bmsdig_000172
=SRC  \\$aMSD$bmsdig_000616
=LAS  \\$aW2107-1297$b00$c20220201$lBLL01$h1741

