=LDR  02992cam a22006973  4500
=001  015742646
=003  Uk
=005  20230613141800.0
=007  cr\mn\024mpadp
=007  cr\mn\024mpada
=008  871221|1815|||||||\\\\|s\\\\\|||\||eng\\
=FMT  \\$a  BK
=040  \\$aUk$cUk
=100  1\$aBLAIR, Robert,$cMinister of Athelstaneford.
=245  14$aThe Grave ... To which is added Gray's Elegy in a Country Church-Yard. A new edition, with notes, moral, critical and explanatory.$h[electronic resource]
=264  \1$aBungay :$bP. Mitchell,$c1815.
=300  \\$aiv, 39 pages ;$c(8º)
=336  \\$atext$2rdacontent
=337  \\$acomputer$2rdamedia
=338  \\$aonline resource$2rdacarrier
=340  \\$m8vo$2rdabf
=655  \7$aPoetry.$2fast$0(OCoLC)fst01423828
=856  41$uhttp://books.google.co.uk/books?vid=BL:A0018607373$yGoogle_Books
=859  \\$aXLD$bMS Digitised
=859  \\$aXLD$bMSD
=859  \\$aXLD$bGOOGLEBOOKS
=883  0\$aLanguage codes assigned by Bayesian analysis of words present in record$d20201028$qUk$c0.9010
=852  4\$aBritish Library$bHMNTS$cDRT$jDigital Store 11649.cc.27.(2.)
=985  \\$aEnhanced during collaborative project with UCL (course BASC0033). 2022-23.
=985  \\$aCorrected by MS generated file for WR# 11/211
=985  \\$aCorrected by MS generated file for WR# 1805-0738
=985  \\$aUpgraded by BSS-generated file for WR2011-1472
=CAT  \\$aBATCH-MSDN$b00$c20110201$lBLL01$h1108
=CAT  \\$aBATCH-MSDE$b00$c20130227$lBLL01$h1542
=CAT  \\$aMSD-SUPP$c20130227$lBLL01$h1832
=CAT  \\$aBATCH-UPD$b00$c20130318$lBLL01$h1049
=CAT  \\$aWR13.117$c20130720$lBLL01$h1920
=CAT  \\$aWR14.046$c20140417$lBLL01$h1724
=CAT  \\$aWR13.144/5$c20140418$lBLL01$h1022
=CAT  \\$aWR14_057$b00$c20141011$lBLL01$h1510
=CAT  \\$aWR11_211$c20141230$lBLL01$h1741
=CAT  \\$aBLSS-CORR$b00$c20141230$lBLL01$h1744
=CAT  \\$aBATCH-DCW$b00$c20150214$lBLL01$h0211
=CAT  \\$aBATCH-FIX$c20160124$lBLL01$h1228
=CAT  \\$aBATCH-FIX$c20160125$lBLL01$h1511
=CAT  \\$aBATCH-DCW$b00$c20160710$lBLL01$h1009
=CAT  \\$aBATCH-DCW$c20160713$lBLL01$h1618
=CAT  \\$a1805-0738$c20181228$lBLL01$h1830
=CAT  \\$a1805-0738$b00$c20181228$lBLL01$h1915
=CAT  \\$aW2011-1472$b00$c20201127$lBLL01$h1830
=CAT  \\$a14185$b40$c20230613$lBLL01$h1418
=FIN  \\$aY$d20130227
=LKR  \\$aPAR$lBLL01$r776$b000369298$mThe Grave ... To which is added Gray's Elegy in a Country Church-Yard. A new edition, with notes, moral, critical and explanatory.$nThe Grave ... To which is added Gray's Elegy in a Country Church-Yard. A new edition, with notes, moral, critical and explanatory.
=DGM  \\$a000369298$bCatBridge variable field
=DRT  \\$aMSD
=DRT  \\$aGOOGLEBOOKS
=SRC  \\$aGOOGLEBOOKS$bGoogleBooks_20150213
=SRC  \\$aMSD$bMSBooks_20160709
=SRC  \\$aMSD$bmsdig_000172
=SRC  \\$aMSD$bmsdig_000616
=LAS  \\$a14185$b40$c20230613$lBLL01$h1418

