=LDR  02362cam a22006133  4500
=001  015742663
=003  Uk
=005  20220201174116.0
=007  cr\mn\024mpada
=007  cr\mn\024mpadp
=008  880726s1859\\\\nyua\\\|s\\\\\|||\0|eng\\
=FMT  \\$a  BK
=040  \\$aUk$beng$cUk
=100  1\$aBooth, Mary L.$q(Mary Louise),$d1831-1889.
=245  10$aHistory of the city of New York :$bfrom its earliest settlement to the present time ; illustrated with ... engravings.
=264  \1$aNew York :$bW. R. C. Clark and Meeker,$cMDCCCLIX [1859].
=300  \\$a846 pages :$billustrations ;$c(8º)
=336  \\$atext$2rdacontent
=337  \\$acomputer$2rdamedia
=338  \\$aonline resource$2rdacarrier
=648  \7$a1609-1859$2fast
=651  \7$aNew York (State)$zNew York.$2fast$0(OCoLC)fst01204333
=655  \7$aHistory.$2fast$0(OCoLC)fst01411628
=856  41$uhttp://books.google.com/books?vid=BL:A0022058741$yGoogle_Books
=859  \\$aXLD$bGOOGLEBOOKS
=859  \\$aXLD$bMS Digitised
=859  \\$aXLD$bMSD
=852  4\$cDRT$jDigital Store 9603.eee.10.$aBritish Library$bHMNTS
=985  \\$aCorrected by MS generated file for WR# 1805-0738
=CAT  \\$a1805-0738$b00$c20181228$lBLL01$h1915
=CAT  \\$a1805-0738$c20181228$lBLL01$h1830
=CAT  \\$a7416$b40$c20170707$lBLL01$h1033
=CAT  \\$aBATCH-DCW$b00$c20160710$lBLL01$h1009
=CAT  \\$aBATCH-DCW$b00$c20170501$lBLL01$h0847
=CAT  \\$aBATCH-MSDE$b00$c20130227$lBLL01$h1542
=CAT  \\$aBATCH-MSDN$b00$c20110201$lBLL01$h1108
=CAT  \\$aBATCH-UPD$b00$c20130318$lBLL01$h1049
=CAT  \\$aMSD-SUPP$c20130227$lBLL01$h1832
=CAT  \\$aW2001-2376$c20200626$lBLL01$h1827
=CAT  \\$aWR13.117$c20130720$lBLL01$h1920
=CAT  \\$aWR13.144/5$c20140418$lBLL01$h1022
=CAT  \\$aWR14.046$c20140417$lBLL01$h1724
=CAT  \\$aWR14_057$b00$c20170504$lBLL01$h1839
=CAT  \\$aW2107-1297$b00$c20220201$lBLL01$h1741
=FIN  \\$aY$d20130227
=LKR  \\$aPAR$lBLL01$r776$b000413448$mHistory of the city of New York$nHistory of the city of New York
=DGM  \\$a000413448$bCatBridge variable field
=DRT  \\$aGOOGLEBOOKS
=DRT  \\$aMSD
=SRC  \\$aGOOGLEBOOKS$bGoogleBooks_20170501_catchup
=SRC  \\$aMSD$bMSBooks_20160709
=SRC  \\$aMSD$bmsdig_000172
=SRC  \\$aMSD$bmsdig_000616
=LAS  \\$aW2107-1297$b00$c20220201$lBLL01$h1741

