=LDR  02577 am a22006133  4500
=001  015742666
=003  Uk
=005  20200626182710.0
=007  cr\mn\024mpadp
=007  cr\mn\024mpada
=008  880111|1866||||xxu\\\\|s\\\\\|||\||eng\\
=040  \\$aUk$cUk
=100  1\$aBOTTS, John Minor.
=245  14$aThe Great Rebellion: its secret history, rise, progress, and disastrous failure ... the political life of the author vindicated. [With a portrait.]$h[electronic resource]
=264  \1$aNew York :$bHarper & Bros,$c1866.
=300  \\$a402 pages ;$c(12º)
=336  \\$atext$2rdacontent
=337  \\$acomputer$2rdamedia
=338  \\$aonline resource$2rdacarrier
=852  4\$aBritish Library$bHMNTS$cDRT$jDigital Store 9604.bbb.22.
=856  41$uhttp://books.google.co.uk/books?vid=BL:A0017726827$yGoogle_Books
=859  \\$aXLD$bMS Digitised
=859  \\$aXLD$bMSD
=859  \\$aXLD$bGOOGLEBOOKS
=985  \\$aEnhanced by MS generated file for WR# 12/139
=985  \\$aCorrected by MS generated file for WR# 1805-0738
=CAT  \\$aBATCH-MSDN$b00$c20110201$lBLL01$h1108
=CAT  \\$aBATCH-MSDE$b00$c20130227$lBLL01$h1542
=CAT  \\$aMSD-SUPP$c20130227$lBLL01$h1832
=CAT  \\$aBATCH-UPD$b00$c20130318$lBLL01$h1049
=CAT  \\$aWR12.139$b00$c20130503$lBLL01$h2023
=CAT  \\$aWR13.117$c20130720$lBLL01$h1920
=CAT  \\$aWR14.046$c20140417$lBLL01$h1724
=CAT  \\$aWR13.144/5$c20140418$lBLL01$h1022
=CAT  \\$aBATCH-DCW$b00$c20140708$lBLL01$h0226
=CAT  \\$aWR14_057$b00$c20151129$lBLL01$h1955
=CAT  \\$aBATCH-FIX$c20160124$lBLL01$h1228
=CAT  \\$aBATCH-FIX$c20160125$lBLL01$h1511
=CAT  \\$aBATCH-DCW$b00$c20160710$lBLL01$h1009
=CAT  \\$aBATCH-DCW$c20160713$lBLL01$h1618
=CAT  \\$a1805-0738$c20181228$lBLL01$h1830
=CAT  \\$a1805-0738$b00$c20181228$lBLL01$h1915
=CAT  \\$aW2001-2376$c20200626$lBLL01$h1827
=DGM  \\$a000427751$bCatBridge variable field
=DRT  \\$aMSD
=DRT  \\$aGOOGLEBOOKS
=FIN  \\$aY$d20130227
=FMT  \\$a  BK
=LAS  \\$aW2001-2376$b00$c20200626$lBLL01$h1827
=LKR  \\$aPAR$lBLL01$r776$b000427751$mThe Great Rebellion: its secret history, rise, progress, and disastrous failure ... the political life of the author vindicated. [With a portrait.]$nThe Great Rebellion: its secret history, rise, progress, and disastrous failure ... the political life of the author vindicated. [With a portrait.]
=SRC  \\$aGOOGLEBOOKS$bGoogleBooks_20140707
=SRC  \\$aMSD$bMSBooks_20160709
=SRC  \\$aMSD$bmsdig_000172
=SRC  \\$aMSD$bmsdig_000616

