=LDR  02535 am a22006373  4500
=001  015742668
=003  Uk
=005  20191108181318.0
=007  cr\mn\024mpadp
=007  cr\mn\024mpada
=008  880111|1822||||enk\\\\|s\\\\\|||\||eng\\
=040  \\$aUk$cUk
=100  10$aBourn, Thomas.
=245  10$aA Gazetteer of the Most Remarkable Places in the World ... Third edition, corrected and greatly enlarged.$h[electronic resource]
=264  \1$aLondon :$bPrinted for the Author,$c1822.
=300  \\$axix, 984 pages ;$c(8º)
=336  \\$atext$2rdacontent
=337  \\$acomputer$2rdamedia
=338  \\$aonline resource$2rdacarrier
=340  \\$m8vo$2rdabf
=852  4\$aBritish Library$bHMNTS$cDRT$jDigital Store 10001.b.10.
=856  41$uhttp://books.google.co.uk/books?vid=BL:A0017801874$yGoogle_Books
=859  \\$aXLD$bMS Digitised
=859  \\$aXLD$bMSD
=859  \\$aXLD$bGOOGLEBOOKS
=985  \\$aUpgraded by BSS-generated file for WR1910-0531
=CAT  \\$aBATCH-MSDN$b00$c20110201$lBLL01$h1108
=CAT  \\$aBATCH-MSDE$b00$c20130227$lBLL01$h1542
=CAT  \\$aMSD-SUPP$c20130227$lBLL01$h1832
=CAT  \\$aBATCH-UPD$b00$c20130318$lBLL01$h1049
=CAT  \\$aWR13.117$c20130720$lBLL01$h1920
=CAT  \\$aWR14.046$c20140417$lBLL01$h1724
=CAT  \\$aWR13.144/5$c20140418$lBLL01$h1022
=CAT  \\$aBATCH-DCW$b00$c20140627$lBLL01$h0035
=CAT  \\$aWR11_211$c20141230$lBLL01$h1741
=CAT  \\$aBLSS-CORR$b00$c20141230$lBLL01$h1744
=CAT  \\$aBATCH-UPD$b00$c20141230$lBLL01$h1829
=CAT  \\$aWR14_057$b00$c20151129$lBLL01$h1955
=CAT  \\$aBATCH-FIX$c20160124$lBLL01$h1228
=CAT  \\$aBATCH-FIX$c20160125$lBLL01$h1511
=CAT  \\$aBATCH-DCW$b00$c20160710$lBLL01$h1009
=CAT  \\$aBATCH-DCW$c20160713$lBLL01$h1618
=CAT  \\$a1805-0738$c20181228$lBLL01$h1830
=CAT  \\$a1805-0738$b00$c20181228$lBLL01$h1915
=CAT  \\$aW1910-0531$b00$c20191108$lBLL01$h1813
=DGM  \\$a000434823$bCatBridge variable field
=DRT  \\$aMSD
=DRT  \\$aGOOGLEBOOKS
=FIN  \\$aY$d20130227
=FMT  \\$a  BK
=LAS  \\$aW1910-0531$b00$c20191108$lBLL01$h1813
=LKR  \\$aPAR$lBLL01$r776$b000434823$mA Gazetteer of the Most Remarkable Places in the World ... Third edition, corrected and greatly enlarged.$nA Gazetteer of the Most Remarkable Places in the World ... Third edition, corrected and greatly enlarged.
=SRC  \\$aGOOGLEBOOKS$bGoogleBooks_20140625_catchup
=SRC  \\$aMSD$bMSBooks_20160709
=SRC  \\$aMSD$bmsdig_000172
=SRC  \\$aMSD$bmsdig_000616

