=LDR  03372cam a22007693  4500
=001  015742684
=003  Uk
=005  20230613163743.0
=007  cr\mn\024mpadp
=007  cr\mn\024mpada
=008  001221|1827||||enk\\\\|s\\\\\|||\||eng\\
=FMT  \\$a  BK
=040  \\$aUk$cUk
=100  1\$aBuchanan, George,$d1506-1582.
=240  10$aRerum scoticarum historia
=245  10$a[Buchanan's History of Scotland ... The second edition, revised and corrected from the Latin original by Mr. Bond.]$h[electronic resource]
=264  \1$aLondon :$bH. Fisher, Son & P. Jackson,$c1827.
=300  \\$a708 pages ;$c(8º)
=336  \\$atext$2rdacontent
=337  \\$acomputer$2rdamedia
=338  \\$aonline resource$2rdacarrier
=340  \\$m8vo$2rdabf
=500  \\$aWith notes, and a continuation to the present time, by John Watkins.
=500  \\$aWith portraits and other plates.
=651  \7$aScotland.$2fast$0(OCoLC)fst01206715
=700  1\$aWatkins, John,$cLL.D.
=787  0\$tBuchanan's History of Scotland ... The second edition, revised and corrected from the Latin original by Mr. Bond.$w(Uk)MP1.0000542220$d2 vol. A. Bettesworth: London, 1722. 8º.
=886  2\$2blmarc$a709$b00$aWATKINS$hJohn$fLL.D.$p9509.h.16.$x3460710187
=856  41$uhttp://books.google.co.uk/books?vid=BL:A0017713053$yGoogle_Books
=859  \\$aXLD$bMS Digitised
=859  \\$aXLD$bMSD
=859  \\$aXLD$bGOOGLEBOOKS
=852  4\$aBritish Library$bHMNTS$cDRT$jDigital Store 9509.h.16.
=985  \\$aEnhanced during collaborative project with UCL (course BASC0033). 2022-23.
=985  \\$aUpgraded by BSS-generated file for WR1910-0531
=985  \\$aFormer 250 field split into notes fields for WR#2209-0443
=CAT  \\$aBATCH-MSDN$b00$c20110201$lBLL01$h1108
=CAT  \\$aBATCH-UPD$b00$c20110201$lBLL01$h1108
=CAT  \\$aBATCH-UPD$b00$c20110418$lBLL01$h2028
=CAT  \\$aBATCH-UPD$b00$c20120804$lBLL01$h0226
=CAT  \\$aBATCH-MSDE$b00$c20130227$lBLL01$h1542
=CAT  \\$aMSD-SUPP$c20130227$lBLL01$h1832
=CAT  \\$aBATCH-UPD$b00$c20130318$lBLL01$h1049
=CAT  \\$aWR13.117$c20130720$lBLL01$h1920
=CAT  \\$aWR14.046$c20140417$lBLL01$h1724
=CAT  \\$aWR13.144/5$c20140418$lBLL01$h1023
=CAT  \\$aBATCH-DCW$b00$c20141024$lBLL01$h0227
=CAT  \\$aWR14_057$b00$c20151129$lBLL01$h1956
=CAT  \\$aBATCH-FIX$c20160124$lBLL01$h1228
=CAT  \\$aBATCH-FIX$c20160125$lBLL01$h1511
=CAT  \\$aBATCH-DCW$b00$c20160710$lBLL01$h1009
=CAT  \\$aBATCH-DCW$c20160713$lBLL01$h1618
=CAT  \\$a1805-0738$c20181228$lBLL01$h1830
=CAT  \\$a1805-0738$b00$c20181228$lBLL01$h1915
=CAT  \\$aW1910-0531$b00$c20191108$lBLL01$h1813
=CAT  \\$aW2209-0443$c20220907$lBLL01$h1152
=CAT  \\$a14185$b40$c20230613$lBLL01$h1637
=FIN  \\$aY$d20130227
=LKR  \\$aPAR$lBLL01$r776$b000513328$m[Buchanan's History of Scotland ... The second edition, revised and corrected from the Latin original by Mr. Bond.]$n[Buchanan's History of Scotland ... The second edition, revised and corrected from the Latin original by Mr. Bond.]
=DGM  \\$a000513328$bCatBridge variable field
=DRT  \\$aMSD
=DRT  \\$aGOOGLEBOOKS
=SRC  \\$aGOOGLEBOOKS$bGoogleBooks_20141023
=SRC  \\$aMSD$bMSBooks_20160709
=SRC  \\$aMSD$bmsdig_000172
=SRC  \\$aMSD$bmsdig_000616
=LAS  \\$a14185$b40$c20230613$lBLL01$h1637

