=LDR  02679 am a22006973  4500
=001  015742688
=003  Uk
=005  20200626182710.0
=007  cr\mn\024mpadp
=007  cr\mn\024mpada
=008  880412|1861||||enk\\\\|s\\\\\|||\||eng\\
=040  \\$aUk$cUk
=100  1\$aBuckle, Henry Thomas,$d1821-1862.
=245  10$a[History of Civilization in England.]$h[electronic resource]
=250  \\$aThe third edition.
=264  \1$aLondon :$bParker, Son & Bourn,$c1861.
=300  \\$3vol. 1$axxxi, 854 pages ;$c(8º)
=336  \\$atext$2rdacontent
=337  \\$acomputer$2rdamedia
=338  \\$aonline resource$2rdacarrier
=500  \\$aNo more of this edition published.
=787  0\$tHistory of Civilization in England.$w(Uk)MP1.0000545670$d2 vol. J. W. Parker & Son: London, 1857, 61. 8º.
=852  4\$aBritish Library$bHMNTS$cDRT$jDigital Store 9505.ee.5.
=856  41$uhttp://books.google.co.uk/books?vid=BL:A0017668834$yGoogle_Books
=859  \\$aXLD$bMS Digitised
=859  \\$aXLD$bMSD
=859  \\$aXLD$bGOOGLEBOOKS
=985  \\$aUpgraded by BSS-generated file for WR1910-0531
=CAT  \\$aBATCH-MSDN$b00$c20110201$lBLL01$h1108
=CAT  \\$aBATCH-MSDE$b00$c20130227$lBLL01$h1542
=CAT  \\$aMSD-SUPP$c20130227$lBLL01$h1832
=CAT  \\$aBATCH-UPD$b00$c20130318$lBLL01$h1049
=CAT  \\$aWR13.117$c20130720$lBLL01$h1920
=CAT  \\$aWR14.046$c20140417$lBLL01$h1724
=CAT  \\$aWR13.144/5$c20140418$lBLL01$h1023
=CAT  \\$aWR14_057$b00$c20141011$lBLL01$h1511
=CAT  \\$aBATCH-DCW$b00$c20141025$lBLL01$h0224
=CAT  \\$aWR11_211$c20141230$lBLL01$h1741
=CAT  \\$aBLSS-CORR$b00$c20141230$lBLL01$h1744
=CAT  \\$aBATCH-DCW$b00$c20151210$lBLL01$h1834
=CAT  \\$aBATCH-FIX$c20160124$lBLL01$h1228
=CAT  \\$aBATCH-FIX$c20160125$lBLL01$h1511
=CAT  \\$aBATCH-DCW$b00$c20160710$lBLL01$h1009
=CAT  \\$aBATCH-DCW$c20160713$lBLL01$h1618
=CAT  \\$a4039$b40$c20180529$lBLL01$h1428
=CAT  \\$a1805-0738$c20181228$lBLL01$h1830
=CAT  \\$a1805-0738$b00$c20181228$lBLL01$h1915
=CAT  \\$aW1910-0531$b00$c20191108$lBLL01$h1813
=CAT  \\$aW2001-2376$c20200626$lBLL01$h1827
=DGM  \\$a000516966$bCatBridge variable field
=DRT  \\$aMSD
=DRT  \\$aGOOGLEBOOKS
=FIN  \\$aY$d20130227
=FMT  \\$a  BK
=LAS  \\$aW2001-2376$b00$c20200626$lBLL01$h1827
=LKR  \\$aPAR$lBLL01$r776$b000516966$m[History of Civilization in England.]$n[History of Civilization in England.]
=SRC  \\$aGOOGLEBOOKS$bGoogleBooks_20141024
=SRC  \\$aGOOGLEBOOKS$bGoogleBooks_20141024_2
=SRC  \\$aMSD$bMSBooks_20160709
=SRC  \\$aMSD$bmsdig_000172
=SRC  \\$aMSD$bmsdig_000616

