=LDR  03726 am a22007813  4500
=001  015742696
=003  Uk
=005  20110201110809.0
=007  cr\mn\024mpadp
=007  cr\mn\024mpada
=008  880523|1845||||enk\\\\|s\\\\\|||\||eng\\
=040  \\$aUk$cUk
=100  1\$aByron, George Gordon Byron,$cBaron,$d1788-1824.
=240  10$aWorks
=245  14$aThe Poetical Works of Lord Byron. Complete in one volume. Collected and arranged, with illustrative notes by Thomas Moore, Lord Jeffrey, Sir Walter Scott ... &c. &c. With a portrait, etc.$h[electronic resource]
=264  \1$aLondon :$bJohn Murray,$c1845.
=300  \\$aviii, 827 pages ;$c(8º)
=336  \\$atext$2rdacontent
=337  \\$acomputer$2rdamedia
=338  \\$aonline resource$2rdacarrier
=340  \\$m8vo$2rdabf
=500  \\$aA reissue of the edition of 1837. With an additional titlepage, engraved.
=700  1\$aJeffrey, Francis Jeffrey,$cLord,$d1773-1850.
=700  1\$aMOORE, Thomas,$cthe Poet.$tWorks edited, translated or with contributions by this Author.
=700  1\$aScott, Walter,$cSir,$d1771-1832$tWorks edited by Sir Walter Scott.
=852  4\$aBritish Library$bHMNTS$cDRT$jDigital Store 11611.g.6.
=856  41$uhttp://books.google.co.uk/books?vid=BL:A0017802317$yGoogle_Books
=859  \\$aXLD$bMS Digitised
=859  \\$aXLD$bMSD
=859  \\$aXLD$bGOOGLEBOOKS
=886  2\$2blmarc$a709$b00$aJEFFREY$hFrancis$fLord Jeffrey$p11611.g.6.$x1642370312
=886  2\$2blmarc$a709$b00$aMOORE$hThomas$fthe Poet$tWorks edited, translated or with contributions by this Author$p11611.g.6.$x2261130120
=886  2\$2blmarc$a709$b00$aSCOTT$eSir$hWalter$fBart.$tWorks edited by Sir Walter Scott$p11611.g.6.$x2963180098
=985  \\$aCorrected by MS generated file for WR# 11/211
=985  \\$aEnhanced by MS generated file for WR# 12/139
=985  \\$aCorrected by MS generated file for WR# 1805-0738
=CAT  \\$aBATCH-MSDN$b00$c20110201$lBLL01$h1108
=CAT  \\$a4039$b40$c20110601$lBLL01$h1213
=CAT  \\$aBATCH-MSDE$b00$c20130227$lBLL01$h1542
=CAT  \\$aMSD-SUPP$c20130227$lBLL01$h1832
=CAT  \\$aBATCH-UPD$b00$c20130318$lBLL01$h1049
=CAT  \\$aWR12.139$b00$c20130501$lBLL01$h1844
=CAT  \\$aWR13.117$c20130720$lBLL01$h1920
=CAT  \\$aWR14.046$c20140417$lBLL01$h1724
=CAT  \\$aWR13.144/5$c20140418$lBLL01$h1023
=CAT  \\$aBATCH-DCW$b00$c20140720$lBLL01$h0231
=CAT  \\$aWR11_211$c20141230$lBLL01$h1741
=CAT  \\$aBLSS-CORR$b00$c20141230$lBLL01$h1744
=CAT  \\$aBATCH-UPD$b00$c20150602$lBLL01$h1202
=CAT  \\$aWR14_057$b00$c20151129$lBLL01$h1956
=CAT  \\$aBATCH-FIX$c20160124$lBLL01$h1228
=CAT  \\$aBATCH-FIX$c20160125$lBLL01$h1511
=CAT  \\$aBATCH-DCW$b00$c20160710$lBLL01$h1009
=CAT  \\$aBATCH-DCW$c20160713$lBLL01$h1618
=CAT  \\$aW1807-0595$c20180717$lBLL01$h1729
=CAT  \\$a1805-0738$c20181228$lBLL01$h1830
=CAT  \\$a1805-0738$b00$c20181228$lBLL01$h1915
=DGM  \\$a000557687$bCatBridge variable field
=DRT  \\$aMSD
=DRT  \\$aGOOGLEBOOKS
=FIN  \\$aY$d20130227
=FMT  \\$a  BK
=LAS  \\$a1805-0738$b00$c20181228$lBLL01$h1915
=LKR  \\$aPAR$lBLL01$r776$b000557687$mThe Poetical Works of Lord Byron. Complete in one volume. Collected and arranged, with illustrative notes by Thomas Moore, Lord Jeffrey, Sir Walter Scott ... &c. &c. With a portrait, etc.$nThe Poetical Works of Lord Byron. Complete in one volume. Collected and arranged, with illustrative notes by Thomas Moore, Lord Jeffrey, Sir Walter Scott ... &c. &c. With a portrait, etc.
=SRC  \\$aGOOGLEBOOKS$bGoogleBooks_20140719
=SRC  \\$aMSD$bMSBooks_20160709
=SRC  \\$aMSD$bmsdig_000172
=SRC  \\$aMSD$bmsdig_000616

