=LDR  05106 am a22009733  4500
=001  015742698
=003  Uk
=005  20200626182710.0
=007  cr\mn\024mpadp
=007  cr\mn\024mpada
=008  880523|1859||||enk\\\\|s\\\\\|||\||eng\\
=040  \\$aUk$cUk
=100  1\$aByron, George Gordon Byron,$cBaron,$d1788-1824.
=240  10$aWorks
=245  14$aThe Poetical Works of Lord Byron. Collected and arranged with notes by Sir Walter Scott, Lord Jeffrey [and others] ... New and complete edition. With portrait and illustrative engravings.$h[electronic resource]
=264  \1$aLondon :$bJohn Murray,$c1859.
=300  \\$ax, 827 pages ;$c(8º)
=336  \\$atext$2rdacontent
=337  \\$acomputer$2rdamedia
=338  \\$aonline resource$2rdacarrier
=500  \\$aA reissue of the edition of 1850. Published in parts. With two additional titlepages, one printed, one engraved.
=700  1\$aCAMPBELL, Thomas,$cthe Poet.$tAppendix.
=700  1\$aCRABBE, George,$cthe Poet.$tWorks edited or with contributions by Crabbe.
=700  1\$aGIFFORD, William,$cEditor of the Quarterly Review.
=700  1\$aHeber, Reginald,$d1783-1826.$tAppendix.
=700  1\$aBroughton, John Cam Hobhouse,$cBaron,$d1786-1869.
=700  1\$aJeffrey, Francis Jeffrey,$cLord,$d1773-1850.
=700  1\$aLockhart, J. G.$q(John Gibson),$d1794-1854.
=700  1\$aMOORE, Thomas,$cthe Poet.$tWorks edited, translated or with contributions by this Author.
=700  1\$aScott, Walter,$cSir,$d1771-1832$tWorks edited by Sir Walter Scott.
=700  1\$aWILSON, John,$cProfessor of Moral Philosophy in the University of Edinburgh.
=852  4\$aBritish Library$bHMNTS$cDRT$jDigital Store 11601.k.9.
=856  41$uhttp://books.google.co.uk/books?vid=BL:A0017787065$yGoogle_Books
=859  \\$aXLD$bMS Digitised
=859  \\$aXLD$bMSD
=859  \\$aXLD$bGOOGLEBOOKS
=886  2\$2blmarc$a709$b00$aCAMPBELL$hThomas$fthe Poet$tAppendix$p11601.k.9.$x0521980038
=886  2\$2blmarc$a709$b00$aCRABBE$hGeorge$fthe Poet$tWorks edited or with contributions by Crabbe$p11601.k.9.$x0720080193
=886  2\$2blmarc$a709$b00$aGIFFORD$hWilliam$fEditor of the Quarterly Review$p11601.k.9.$x1243760036
=886  2\$2blmarc$a709$b00$aHEBER$hReginald$fBishop of Calcutta$tAppendix$p11601.k.9.$x1432400290
=886  2\$2blmarc$a709$b00$aHOBHOUSE$hJohn Cam$fBaron Broughton$p11601.k.9.$x1492730130
=886  2\$2blmarc$a709$b00$aJEFFREY$hFrancis$fLord Jeffrey$p11601.k.9.$x1642370312
=886  2\$2blmarc$a709$b00$aLOCKHART$hJohn Gibson$p11601.k.9.$x1961440237
=886  2\$2blmarc$a709$b00$aMOORE$hThomas$fthe Poet$tWorks edited, translated or with contributions by this Author$p11601.k.9.$x2261130147
=886  2\$2blmarc$a709$b00$aSCOTT$eSir$hWalter$fBart.$tWorks edited by Sir Walter Scott$p11601.k.9.$x2963180098
=886  2\$2blmarc$a709$b00$aWILSON$hJohn$fProfessor of Moral Philosophy in the University of Edinburgh$p11601.k.9.$x353020014X
=985  \\$aCorrected by MS generated file for WR# 11/211
=985  \\$aEnhanced by MS generated file for WR# 12/139
=985  \\$aCorrected by MS generated file for WR# 1805-0738
=CAT  \\$aBATCH-MSDN$b00$c20110201$lBLL01$h1108
=CAT  \\$a4039$b40$c20110601$lBLL01$h1213
=CAT  \\$a4039$b40$c20130227$lBLL01$h1514
=CAT  \\$aBATCH-MSDE$b00$c20130227$lBLL01$h1542
=CAT  \\$aMSD-SUPP$c20130227$lBLL01$h1832
=CAT  \\$aBATCH-UPD$b00$c20130318$lBLL01$h1049
=CAT  \\$aWR12.139$b00$c20130501$lBLL01$h1844
=CAT  \\$aWR13.117$c20130720$lBLL01$h1920
=CAT  \\$aWR14.046$c20140417$lBLL01$h1724
=CAT  \\$aWR13.144/5$c20140418$lBLL01$h1023
=CAT  \\$aBATCH-DCW$b00$c20140731$lBLL01$h0212
=CAT  \\$aWR11_211$c20141230$lBLL01$h1741
=CAT  \\$aBLSS-CORR$b00$c20141230$lBLL01$h1744
=CAT  \\$aBATCH-UPD$b00$c20150602$lBLL01$h1202
=CAT  \\$a11814$b40$c20150630$lBLL01$h1348
=CAT  \\$aWR14_057$b00$c20151129$lBLL01$h1956
=CAT  \\$aBATCH-FIX$c20160124$lBLL01$h1228
=CAT  \\$aBATCH-FIX$c20160125$lBLL01$h1511
=CAT  \\$aBATCH-DCW$b00$c20160710$lBLL01$h1009
=CAT  \\$aBATCH-DCW$c20160713$lBLL01$h1618
=CAT  \\$aW1807-0595$c20180717$lBLL01$h1729
=CAT  \\$a1805-0738$c20181228$lBLL01$h1830
=CAT  \\$a1805-0738$b00$c20181228$lBLL01$h1915
=CAT  \\$aW2001-2376$c20200626$lBLL01$h1827
=DGM  \\$a000557697$bCatBridge variable field
=DRT  \\$aMSD
=DRT  \\$aGOOGLEBOOKS
=FIN  \\$aY$d20130227
=FMT  \\$a  BK
=LAS  \\$aW2001-2376$b00$c20200626$lBLL01$h1827
=LKR  \\$aPAR$lBLL01$r776$b000557697$mThe Poetical Works of Lord Byron. Collected and arranged with notes by Sir Walter Scott, Lord Jeffrey [and others] ... New and complete edition. With portrait and illustrative engravings.$nThe Poetical Works of Lord Byron. Collected and arranged with notes by Sir Walter Scott, Lord Jeffrey [and others] ... New and complete edition. With portrait and illustrative engravings.
=SRC  \\$aGOOGLEBOOKS$bGoogleBooks_20140730
=SRC  \\$aMSD$bMSBooks_20160709
=SRC  \\$aMSD$bmsdig_000172
=SRC  \\$aMSD$bmsdig_000616

