=LDR  03180 am a22006733  4500
=001  015742710
=003  Uk
=005  20200304095857.0
=007  cr\mn\024mpadp
=007  cr\mn\024mpada
=008  880212|1803||||enk\\\\|s\\\\\|||\||eng\\
=040  \\$aUk$beng$cUk
=100  1\$aCARD, Henry.
=245  14$aThe History of the Revolutions of Russia, to the accession of Catharine the First: including a concise review of the manners and customs of the sixteenth and seventeenth centuries.$h[electronic resource]
=264  \1$aLondon :$bT. N. Longman & O. Rees,$c1803.
=300  \\$axii, 708 pages ;$c(8º)
=336  \\$atext$2rdacontent
=337  \\$acomputer$2rdamedia
=338  \\$aonline resource$2rdacarrier
=340  \\$m8vo$2rdabf
=650  \7$aRevolutions$2fast$0(OCoLC)fst01096737
=651  \7$aRussia$2fast$0(OCoLC)fst01207312
=775  0\$t[The History of the Revolutions of Russia, to the accession of Catharine the First: including a concise review of the manners and customs of the sixteenth and seventeenth centuries.]$w(Uk)MP1.0000634950.1$dpp. xvi. 674. T. N. Longman & O. Rees: London, 1804. 8º.
=852  4\$aBritish Library$bHMNTS$cDRT$jDigital Store 9455.bb.1.
=856  41$uhttp://books.google.co.uk/books?vid=BL:A0018368332$yGoogle_Books
=859  \\$aXLD$bMS Digitised
=859  \\$aXLD$bMSD
=859  \\$aXLD$bGOOGLEBOOKS
=985  \\$aEnhanced during collaborative project with UCL (course BASC0033). 2019-20.
=985  \\$aEnhanced by MS generated file for WR# 12/139
=985  \\$aCorrected by MS generated file for WR# 1805-0738
=CAT  \\$aBATCH-MSDN$b00$c20110201$lBLL01$h1108
=CAT  \\$aBATCH-MSDE$b00$c20130227$lBLL01$h1542
=CAT  \\$aMSD-SUPP$c20130227$lBLL01$h1832
=CAT  \\$aBATCH-UPD$b00$c20130318$lBLL01$h1049
=CAT  \\$aWR12.139$b00$c20130708$lBLL01$h1810
=CAT  \\$aWR13.117$c20130720$lBLL01$h1920
=CAT  \\$aWR14.046$c20140417$lBLL01$h1724
=CAT  \\$aWR13.144/5$c20140418$lBLL01$h1023
=CAT  \\$aBATCH-DCW$b00$c20150122$lBLL01$h0209
=CAT  \\$aWR14_057$b00$c20151129$lBLL01$h1956
=CAT  \\$aBATCH-FIX$c20160124$lBLL01$h1228
=CAT  \\$aBATCH-FIX$c20160125$lBLL01$h1512
=CAT  \\$aBATCH-DCW$b00$c20160710$lBLL01$h1009
=CAT  \\$aBATCH-DCW$c20160713$lBLL01$h1618
=CAT  \\$a1805-0738$c20181228$lBLL01$h1830
=CAT  \\$a1805-0738$b00$c20181228$lBLL01$h1915
=CAT  \\$a14185$b40$c20200304$lBLL01$h0958
=DGM  \\$a000603445$bCatBridge variable field
=DRT  \\$aMSD
=DRT  \\$aGOOGLEBOOKS
=FIN  \\$aY$d20130227
=FMT  \\$a  BK
=LAS  \\$a14185$b40$c20200304$lBLL01$h0958
=LKR  \\$aPAR$lBLL01$r776$b000603445$mThe History of the Revolutions of Russia, to the accession of Catharine the First: including a concise review of the manners and customs of the sixteenth and seventeenth centuries.$nThe History of the Revolutions of Russia, to the accession of Catharine the First: including a concise review of the manners and customs of the sixteenth and seventeenth centuries.
=SRC  \\$aGOOGLEBOOKS$bGoogleBooks_20150121
=SRC  \\$aMSD$bMSBooks_20160709
=SRC  \\$aMSD$bmsdig_000172
=SRC  \\$aMSD$bmsdig_000616

