=LDR  03454 am a22007933  4500
=001  015742785
=003  Uk
=005  20200626182711.0
=007  cr\mn\024mpadp
=007  cr\mn\024mpada
=008  970905|1858||||enk\\\\|s\\\\||||\||eng\\
=040  \\$aUk$cUk
=110  2\$aEast India Company.
=240  10$aOfficial Documents
=245  10$aA Gazetteer of the Territories under the Government of the East-India Company ... Compiled ... by Edward Thornton, etc.$h[electronic resource]
=264  \1$aLondon :$bW. H. Allen & Co,$c1858.
=300  \\$a1014 pages ;$c(8º)
=336  \\$atext$2rdacontent
=337  \\$acomputer$2rdamedia
=338  \\$aonline resource$2rdacarrier
=500  \\$aA reissue of the edition of 1857.
=610  27$aEast India Company$2fast$0(OCoLC)fst00537796
=651  \7$aIndia$2fast$0(OCoLC)fst01210276
=655  \7$aGazetteers$2fast$0(OCoLC)fst01423817
=700  1\$aThornton, Edward,$d1799-1875.
=700  1\$aWollaston, Arthur N.$q(Arthur Naylor),$d1842-1922.
=775  0\$t[A Gazetteer of the Territories under the Government of the East-India Company ... Compiled ... by Edward Thornton, etc.]$w(Uk)MP1.0001081382.1$d1886. 8º.
=852  4\$aBritish Library$bHMNTS$cDRT$jDigital Store 010056.f.5.
=856  41$uhttp://books.google.co.uk/books?vid=BL:A0017625050$yGoogle_Books
=859  \\$aXLD$bMS Digitised
=859  \\$aXLD$bMSD
=859  \\$aXLD$bGOOGLEBOOKS
=886  2\$2blmarc$a709$b00$aTHORNTON$hEdward$fof the East India House$p010056.f.5.$x3252890259
=886  2\$2blmarc$a709$b00$dK.C.I.E.
=985  \\$aEnhanced during collaborative project with UCL (course BASC0033). 2019-20.
=985  \\$aEnhanced by MS generated file for WR# 12/139
=985  \\$aCorrected by MS generated file for WR# 1805-0738
=CAT  \\$aBATCH-MSDN$b00$c20110201$lBLL01$h1149
=CAT  \\$aBATCH-MSDE$b00$c20130227$lBLL01$h1542
=CAT  \\$aMSD-SUPP$c20130227$lBLL01$h1832
=CAT  \\$aBATCH-UPD$b00$c20130318$lBLL01$h1049
=CAT  \\$aWR12.139$b00$c20130521$lBLL01$h1737
=CAT  \\$aWR13.117$c20130720$lBLL01$h1920
=CAT  \\$a4039$b40$c20140129$lBLL01$h1456
=CAT  \\$aWR14.046$c20140417$lBLL01$h1724
=CAT  \\$aWR13.144/5$c20140418$lBLL01$h1023
=CAT  \\$aBATCH-DCW$b00$c20140725$lBLL01$h0208
=CAT  \\$aWR14_057$b00$c20151129$lBLL01$h1957
=CAT  \\$aBATCH-FIX$c20160124$lBLL01$h1228
=CAT  \\$aBATCH-FIX$c20160125$lBLL01$h1511
=CAT  \\$aBATCH-DCW$b00$c20160710$lBLL01$h1009
=CAT  \\$aBATCH-DCW$c20160713$lBLL01$h1618
=CAT  \\$a1805-0738$c20181228$lBLL01$h1830
=CAT  \\$a1805-0738$b00$c20181228$lBLL01$h1915
=CAT  \\$a14185$b40$c20200228$lBLL01$h1126
=CAT  \\$a14185$b40$c20200228$lBLL01$h1327
=CAT  \\$a14185$b40$c20200228$lBLL01$h1339
=CAT  \\$aW2001-2376$c20200626$lBLL01$h1827
=DGM  \\$a001026895$bCatBridge variable field
=DRT  \\$aMSD
=DRT  \\$aGOOGLEBOOKS
=FIN  \\$aY$d20130227
=FMT  \\$a  BK
=LAS  \\$aW2001-2376$b00$c20200626$lBLL01$h1827
=LKR  \\$aPAR$lBLL01$r776$b001026895$mA Gazetteer of the Territories under the Government of the East-India Company ... Compiled ... by Edward Thornton, etc.$nA Gazetteer of the Territories under the Government of the East-India Company ... Compiled ... by Edward Thornton, etc.
=SRC  \\$aGOOGLEBOOKS$bGoogleBooks_20140724
=SRC  \\$aMSD$bMSBooks_20160709
=SRC  \\$aMSD$bmsdig_000172
=SRC  \\$aMSD$bmsdig_000617

