=LDR  02760cam a22006973  4500
=001  015742799
=003  Uk
=005  20220412080728.0
=007  cr\mn\024mpadp
=007  cr\mn\024mpada
=008  880705|1866||||enk\\\\|s\\\\||||\||eng\\
=FMT  \\$a  BK
=040  \\$aUk$cUk
=245  10$a[The Sepoy's Daughter: a true tale of the Indian War. By an Eye-Witness.]$h[electronic resource]
=250  \\$aA revised ... edition.
=264  \1$aLondon,$c[1866-68]
=300  \\$c(8º)
=336  \\$atext$2rdacontent
=337  \\$acomputer$2rdamedia
=338  \\$aonline resource$2rdacarrier
=651  \7$aIndia$2fast$0(OCoLC)fst01210276
=720  \\$aEYE-WITNESS
=787  0\$tThe Sepoy's Daughter: a true tale of the Indian War. By an Eye-Witness.$w(Uk)MP1.0001245868$dLondon, [1860.] 8º.
=856  41$uhttp://books.google.co.uk/books?vid=BL:A0017520357$yGoogle_Books
=859  \\$aXLD$bMS Digitised
=859  \\$aXLD$bMSD
=859  \\$aXLD$bGOOGLEBOOKS
=852  4\$aBritish Library$bHMNTS$cDRT$jDigital Store 12620.h.11.
=985  \\$aEnhanced during collaborative project with UCL (course BASC0033). 2021-22.
=985  \\$aUpgraded by BSS-generated file for WR1910-0531
=CAT  \\$aBATCH-MSDN$b00$c20110201$lBLL01$h1149
=CAT  \\$aBATCH-MSDE$b00$c20130227$lBLL01$h1542
=CAT  \\$aMSD-SUPP$c20130227$lBLL01$h1832
=CAT  \\$aBATCH-UPD$b00$c20130318$lBLL01$h1049
=CAT  \\$aWR13.117$c20130720$lBLL01$h1920
=CAT  \\$aWR14.046$c20140417$lBLL01$h1724
=CAT  \\$aWR13.144/5$c20140418$lBLL01$h1023
=CAT  \\$aBATCH-DCW$b00$c20140728$lBLL01$h0215
=CAT  \\$aWR11_211$c20141230$lBLL01$h1741
=CAT  \\$aBLSS-CORR$b00$c20141230$lBLL01$h1744
=CAT  \\$aWR14_057$b00$c20151129$lBLL01$h1957
=CAT  \\$aBATCH-FIX$c20160124$lBLL01$h1228
=CAT  \\$aBATCH-FIX$c20160125$lBLL01$h1511
=CAT  \\$aBATCH-DCW$b00$c20160710$lBLL01$h1009
=CAT  \\$aBATCH-DCW$c20160713$lBLL01$h1618
=CAT  \\$aW1807-0595$c20180717$lBLL01$h1729
=CAT  \\$a1805-0738$c20181228$lBLL01$h1830
=CAT  \\$a1805-0738$b00$c20181228$lBLL01$h1915
=CAT  \\$aW1910-0531$b00$c20191108$lBLL01$h1813
=CAT  \\$aW2001-2376$c20200626$lBLL01$h1827
=CAT  \\$a14185$b40$c20220412$lBLL01$h0807
=FIN  \\$aY$d20130227
=LKR  \\$aPAR$lBLL01$r776$b001185253$m[The Sepoy's Daughter: a true tale of the Indian War. By an Eye-Witness.]$n[The Sepoy's Daughter: a true tale of the Indian War. By an Eye-Witness.]
=DGM  \\$a001185253$bCatBridge variable field
=DRT  \\$aMSD
=DRT  \\$aGOOGLEBOOKS
=SRC  \\$aGOOGLEBOOKS$bGoogleBooks_20140727
=SRC  \\$aMSD$bMSBooks_20160709
=SRC  \\$aMSD$bmsdig_000172
=SRC  \\$aMSD$bmsdig_000617
=LAS  \\$a14185$b40$c20220412$lBLL01$h0807

