=LDR  02019 am a22005653  4500
=001  015742801
=003  Uk
=005  20200626182712.0
=007  cr\mn\024mpadp
=007  cr\mn\024mpada
=008  881005|1857|||||||\\\\|s\\\\\|||\||eng\\
=040  \\$aUk$cUk
=100  1\$aFarrar, F. W.$q(Frederic William),$d1831-1903.
=245  14$aThe People of England. A lecture.$h[electronic resource]
=264  \1$aHarrow,$c[1857]
=300  \\$c(8º)
=336  \\$atext$2rdacontent
=337  \\$acomputer$2rdamedia
=338  \\$aonline resource$2rdacarrier
=852  4\$cDRT$jDigital Store 9505.c.8.$aBritish Library$bHMNTS
=856  41$uhttp://books.google.com/books?vid=BL:A0021961790$yGoogle_Books
=859  \\$aXLD$bGOOGLEBOOKS
=859  \\$aXLD$bMS Digitised
=859  \\$aXLD$bMSD
=985  \\$aCorrected by MS generated file for WR# 1805-0738
=CAT  \\$aBATCH-MSDN$b00$c20110201$lBLL01$h1149
=CAT  \\$aBATCH-MSDE$b00$c20130227$lBLL01$h1542
=CAT  \\$aMSD-SUPP$c20130227$lBLL01$h1832
=CAT  \\$aBATCH-UPD$b00$c20130318$lBLL01$h1049
=CAT  \\$aWR13.117$c20130720$lBLL01$h1920
=CAT  \\$aWR14.046$c20140417$lBLL01$h1724
=CAT  \\$aWR13.144/5$c20140418$lBLL01$h1023
=CAT  \\$aBATCH-UPD$b00$c20160301$lBLL01$h1910
=CAT  \\$aBATCH-DCW$b00$c20160710$lBLL01$h1009
=CAT  \\$aBATCH-DCW$b00$c20161214$lBLL01$h0219
=CAT  \\$aWR14_057$b00$c20170504$lBLL01$h1839
=CAT  \\$a1805-0738$c20181228$lBLL01$h1830
=CAT  \\$a1805-0738$b00$c20181228$lBLL01$h1915
=CAT  \\$aW2001-2376$c20200626$lBLL01$h1827
=DGM  \\$a001202544$bCatBridge variable field
=DRT  \\$aGOOGLEBOOKS
=DRT  \\$aMSD
=FIN  \\$aY$d20130227
=FMT  \\$a  BK
=LAS  \\$aW2001-2376$b00$c20200626$lBLL01$h1827
=LKR  \\$aPAR$lBLL01$r776$b001202544$mThe People of England. A lecture.$nThe People of England. A lecture.
=SRC  \\$aGOOGLEBOOKS$bGoogleBooks_20161213
=SRC  \\$aMSD$bMSBooks_20160709
=SRC  \\$aMSD$bmsdig_000172
=SRC  \\$aMSD$bmsdig_000617

