=LDR  02513 am a22006013  4500
=001  015742908
=003  Uk
=005  20141209115302.0
=007  cr\mn\024mpadp
=007  cr\mn\024mpada
=008  890216s1869\\\\ru\\\\\\s\\\\\001\0\rus\\
=040  \\$aUk$cUk
=100  1\$aIkonnikov, V.$q(Vladimir),$d1841-1923.
=245  10$6880-01$aOpyt izsli︠e︡dovanii︠a︡ o kulʹturnom znachenii Vizantii v russkoĭ istorii /$cV. Ikonnikova$h[electronic resource]
=246  11$aOpyt issledovanii︠a︡ o kulʹturnom znachenii Vizantii v russkoĭ istorii
=260  \\$aKiev,$c1869.
=300  \\$c24 cm
=336  \\$atext$2rdacontent
=337  \\$acomputer$2rdamedia
=338  \\$aonline resource$2rdacarrier
=504  \\$aIncludes bibliographical references.
=651  \0$aSoviet Union$xCivilization$xByzantine influences.
=852  4\$aBritish Library$bHMNTS$cDRT$jDigital Store 9454.h.6.
=856  41$uhttp://books.google.co.uk/books?vid=BL:A0018368281$yGoogle_Books
=859  \\$aXLD$bMS Digitised
=859  \\$aXLD$bMSD
=859  \\$aXLD$bGOOGLEBOOKS
=880  01$6245-10$aОпыть изслѣдованія о культурномъ значеніи Византіи въ Русской Исторіи /$bВ. Иконникова
=CAT  \\$aBATCH-MSDN$b00$c20110201$lBLL01$h1258
=CAT  \\$aBATCH-MSDE$b00$c20130227$lBLL01$h1542
=CAT  \\$aMSD-SUPP$c20130227$lBLL01$h1832
=CAT  \\$aBATCH-UPD$b00$c20130318$lBLL01$h1049
=CAT  \\$aWR13.117$c20130720$lBLL01$h1920
=CAT  \\$aWR14.046$c20140417$lBLL01$h1724
=CAT  \\$aWR13.144/5$c20140418$lBLL01$h1023
=CAT  \\$a11937$b40$c20141209$lBLL01$h1153
=CAT  \\$aBATCH-DCW$b00$c20150208$lBLL01$h0210
=CAT  \\$aWR14_057$b00$c20151129$lBLL01$h1959
=CAT  \\$aBATCH-FIX$c20160124$lBLL01$h1228
=CAT  \\$aBATCH-FIX$c20160125$lBLL01$h1511
=CAT  \\$aBATCH-DCW$b00$c20160710$lBLL01$h1009
=CAT  \\$aBATCH-DCW$c20160713$lBLL01$h1618
=DGM  \\$a001789977$bCatBridge variable field
=DRT  \\$aMSD
=DRT  \\$aGOOGLEBOOKS
=FIN  \\$aY$d20130227
=FMT  \\$a  BK
=LAS  \\$aBATCH-DCW$b00$c20160713$lBLL01$h1618
=LKR  \\$aPAR$b001789977$lBLL01$r776$mOpyt izsli︠e︡dovanii︠a︡ o kulʹturnom znachenii Vizantii v russkoĭ istorii /$nOpyt izsli︠e︡dovanii︠a︡ o kulʹturnom znachenii Vizantii v russkoĭ istorii /
=SRC  \\$aGOOGLEBOOKS$bGoogleBooks_20150207
=SRC  \\$aMSD$bMSBooks_20160709
=SRC  \\$aMSD$bmsdig_000172
=SRC  \\$aMSD$bmsdig_000618

