=LDR  02665 am a22006493  4500
=001  015742937
=003  Uk
=005  20200626182714.0
=007  cr\mn\024mpadp
=007  cr\mn\024mpada
=008  890224s1857\\\\|||\\\\|s\\\\\|||\||gle\\
=040  \\$aUk$cUk
=100  1\$aLEWIS, Titus.
=245  10$aHanes Prydain Fawr yn Wladol a Chrefyddol ... Wedi ei ddiwygio a'i helaethu gan John Emlyn Jones, etc. [With a portrait.]$h[electronic resource]
=264  \1$aCaerfyrddin :$bW. Morgan Evans,$c1857.
=300  \\$aviii, 1000 pages ;$c(8º)
=336  \\$atext$2rdacontent
=337  \\$acomputer$2rdamedia
=338  \\$aonline resource$2rdacarrier
=700  1\$aJONES, John Emlyn.
=852  4\$aBritish Library$bHMNTS$cDRT$jDigital Store 09506.e.18.
=856  41$uhttp://books.google.co.uk/books?vid=BL:A0017712928$yGoogle_Books
=859  \\$aXLD$bMS Digitised
=859  \\$aXLD$bMSD
=859  \\$aXLD$bGOOGLEBOOKS
=886  2\$2blmarc$a709$b00$aJONES$hJohn Emlyn$p09506.e.18.$x1680130099
=985  \\$aCorrected by MS generated file for WR# 11/211
=985  \\$aCorrected by MS generated file for WR# 1805-0738
=CAT  \\$aBATCH-MSDN$b00$c20110201$lBLL01$h1258
=CAT  \\$aBATCH-MSDE$b00$c20130227$lBLL01$h1542
=CAT  \\$aMSD-SUPP$c20130227$lBLL01$h1832
=CAT  \\$aBATCH-UPD$b00$c20130318$lBLL01$h1049
=CAT  \\$aWR13.117$c20130720$lBLL01$h1920
=CAT  \\$aWR14.046$c20140417$lBLL01$h1724
=CAT  \\$aWR13.144/5$c20140418$lBLL01$h1023
=CAT  \\$aBATCH-DCW$b00$c20141023$lBLL01$h0211
=CAT  \\$aWR11_211$c20141230$lBLL01$h1741
=CAT  \\$aBLSS-CORR$b00$c20141230$lBLL01$h1744
=CAT  \\$aWR14_057$b00$c20151129$lBLL01$h1959
=CAT  \\$aBATCH-FIX$c20160124$lBLL01$h1228
=CAT  \\$aBATCH-FIX$c20160125$lBLL01$h1511
=CAT  \\$aBATCH-DCW$b00$c20160710$lBLL01$h1009
=CAT  \\$aBATCH-DCW$c20160713$lBLL01$h1618
=CAT  \\$a1805-0738$c20181228$lBLL01$h1830
=CAT  \\$a1805-0738$b00$c20181228$lBLL01$h1915
=CAT  \\$aW2001-2376$c20200626$lBLL01$h1827
=DGM  \\$a002157988$bCatBridge variable field
=DRT  \\$aMSD
=DRT  \\$aGOOGLEBOOKS
=FIN  \\$aY$d20130227
=FMT  \\$a  BK
=LAS  \\$aW2001-2376$b00$c20200626$lBLL01$h1827
=LKR  \\$aPAR$lBLL01$r776$b002157988$mHanes Prydain Fawr yn Wladol a Chrefyddol ... Wedi ei ddiwygio a'i helaethu gan John Emlyn Jones, etc. [With a portrait.]$nHanes Prydain Fawr yn Wladol a Chrefyddol ... Wedi ei ddiwygio a'i helaethu gan John Emlyn Jones, etc. [With a portrait.]
=SRC  \\$aGOOGLEBOOKS$bGoogleBooks_20141022
=SRC  \\$aMSD$bMSBooks_20160709
=SRC  \\$aMSD$bmsdig_000172
=SRC  \\$aMSD$bmsdig_000618

