=LDR  02903 am a22006493  4500
=001  015742939
=003  Uk
=005  20191108181319.0
=007  cr\mn\024mpadp
=007  cr\mn\024mpada
=008  890228|1827||||enk\\\\|s\\\\\|||\||eng\\
=040  \\$aUk$cUk
=100  1\$aLINGARD, John,$cD.D.
=245  13$a[A Vindication of certain passages in the fourth and fifth volumes of the History of England.]$h[electronic resource]
=250  \\$aFifth edition. (Dr. Lingard's Postscript in answer to Dr. Allen's Reply [i.e. "A letter to F. Jeffrey, from J. Allen"].).
=264  \1$aLondon,$c1827.
=300  \\$c(8º)
=336  \\$atext$2rdacontent
=337  \\$acomputer$2rdamedia
=338  \\$aonline resource$2rdacarrier
=340  \\$m8vo$2rdabf
=700  1\$aALLEN, John,$cM.D., Master of Dulwich College.$tReply to Dr. Lingard's Vindication: in a letter to Francis Jeffray, Esq.
=787  0\$tA Vindication of certain passages in the fourth and fifth volumes of the History of England.$w(Uk)MP1.0002309663$dLondon, 1826. 8º.
=852  4\$aBritish Library$bHMNTS$cDRT$jDigital Store 9505.c.9.
=856  41$uhttp://books.google.co.uk/books?vid=BL:A0017668818$yGoogle_Books
=859  \\$aXLD$bMS Digitised
=859  \\$aXLD$bMSD
=859  \\$aXLD$bGOOGLEBOOKS
=886  2\$2blmarc$a709$b00$aALLEN$hJohn$fM.D., Master of Dulwich College$tReply to Dr. Lingard's Vindication: in a letter to Francis Jeffray, Esq.$p9505.c.9.$x0054780160
=985  \\$aUpgraded by BSS-generated file for WR1910-0531
=CAT  \\$aBATCH-MSDN$b00$c20110201$lBLL01$h1258
=CAT  \\$aBATCH-MSDE$b00$c20130227$lBLL01$h1542
=CAT  \\$aMSD-SUPP$c20130227$lBLL01$h1832
=CAT  \\$aBATCH-UPD$b00$c20130318$lBLL01$h1049
=CAT  \\$aWR13.117$c20130720$lBLL01$h1920
=CAT  \\$aWR14.046$c20140417$lBLL01$h1724
=CAT  \\$aWR13.144/5$c20140418$lBLL01$h1023
=CAT  \\$aWR14_057$b00$c20141011$lBLL01$h1511
=CAT  \\$aBATCH-DCW$b00$c20141024$lBLL01$h0227
=CAT  \\$aBATCH-FIX$c20160124$lBLL01$h1228
=CAT  \\$aBATCH-FIX$c20160125$lBLL01$h1511
=CAT  \\$aBATCH-DCW$b00$c20160710$lBLL01$h1009
=CAT  \\$aBATCH-DCW$c20160713$lBLL01$h1618
=CAT  \\$a1805-0738$c20181228$lBLL01$h1830
=CAT  \\$a1805-0738$b00$c20181228$lBLL01$h1915
=CAT  \\$aW1910-0531$b00$c20191108$lBLL01$h1813
=DGM  \\$a002176922$bCatBridge variable field
=DRT  \\$aMSD
=DRT  \\$aGOOGLEBOOKS
=FIN  \\$aY$d20130227
=FMT  \\$a  BK
=LAS  \\$aW1910-0531$b00$c20191108$lBLL01$h1813
=LKR  \\$aPAR$lBLL01$r776$b002176922$m[A Vindication of certain passages in the fourth and fifth volumes of the History of England.]$n[A Vindication of certain passages in the fourth and fifth volumes of the History of England.]
=SRC  \\$aGOOGLEBOOKS$bGoogleBooks_20141023
=SRC  \\$aMSD$bMSBooks_20160709
=SRC  \\$aMSD$bmsdig_000172
=SRC  \\$aMSD$bmsdig_000618

