=LDR  03623 am a22006853  4500
=001  015742943
=003  Uk
=005  20191108181319.0
=007  cr\mn\024mpadp
=007  cr\mn\024mpada
=008  990127|1842||||enk\\\\|s\\\\\|||\||eng\\
=040  \\$aUk$cUk
=110  2\$aSociety of the Governor and Assistants of London, of the New Plantation in Ulster (LONDON)
=245  13$a[A concise view of the origin, constitution, and proceedings of the Honorable Society of the Governor and Assistants of London, of the New Plantation in Ulster, commonly called the Irish Society. [With an appendix of documents.]]$h[electronic resource]
=250  \\$a[Another edition.] A Concise View of the Origin, Constitution and Proceedings of the Honorable Society of the Governor and Assistants of London, of the New Plantation in Ulster, etc. [Edited by E. J. Bond, T. Saunders, J. F. Vandercom and others.]
=264  \1$aLondon,$c1842.
=300  \\$c(8º)
=336  \\$atext$2rdacontent
=337  \\$acomputer$2rdamedia
=338  \\$aonline resource$2rdacarrier
=340  \\$m8vo$2rdabf
=700  1\$aBond, Edward James.
=700  1\$aVANDERCOM, Joseph Fitzwilliam.
=787  0\$tA concise view of the origin, constitution, and proceedings of the Honorable Society of the Governor and Assistants of London, of the New Plantation in Ulster, commonly called the Irish Society. [With an appendix of documents.]$w(Uk)MP1.0002380488$dLondon, 1822. 8º.
=852  4\$aBritish Library$bHMNTS$cDRT$jDigital Store 9509.b.17.
=856  41$uhttp://books.google.co.uk/books?vid=BL:A0017713014$yGoogle_Books
=859  \\$aXLD$bMS Digitised
=859  \\$aXLD$bMSD
=859  \\$aXLD$bGOOGLEBOOKS
=886  2\$2blmarc$a709$b00$aBOND$hEdward James$p9509.b.17.$x0370830113
=886  2\$2blmarc$a709$b00$aVANDERCOM$hJoseph Fitzwilliam$p9509.b.17.$x3363980269
=985  \\$aUpgraded by BSS-generated file for WR1910-0531
=CAT  \\$aBATCH-MSDN$b00$c20110201$lBLL01$h1258
=CAT  \\$aBATCH-MSDE$b00$c20130227$lBLL01$h1542
=CAT  \\$aMSD-SUPP$c20130227$lBLL01$h1832
=CAT  \\$aBATCH-UPD$b00$c20130318$lBLL01$h1050
=CAT  \\$aWR13.117$c20130720$lBLL01$h1920
=CAT  \\$aWR14.046$c20140417$lBLL01$h1724
=CAT  \\$aWR13.144/5$c20140418$lBLL01$h1023
=CAT  \\$aBATCH-DCW$b00$c20140821$lBLL01$h0214
=CAT  \\$aBATCH-UPD$b00$c20150602$lBLL01$h1202
=CAT  \\$aWR14_057$b00$c20151129$lBLL01$h1959
=CAT  \\$aBATCH-FIX$c20160124$lBLL01$h1228
=CAT  \\$aBATCH-FIX$c20160125$lBLL01$h1511
=CAT  \\$aBATCH-DCW$b00$c20160710$lBLL01$h1009
=CAT  \\$aBATCH-DCW$c20160713$lBLL01$h1618
=CAT  \\$a1805-0738$c20181228$lBLL01$h1830
=CAT  \\$a1805-0738$b00$c20181228$lBLL01$h1915
=CAT  \\$aW1910-0531$b00$c20191108$lBLL01$h1813
=DGM  \\$a002246573$bCatBridge variable field
=DRT  \\$aMSD
=DRT  \\$aGOOGLEBOOKS
=FIN  \\$aY$d20130227
=FMT  \\$a  BK
=LAS  \\$aW1910-0531$b00$c20191108$lBLL01$h1813
=LKR  \\$aPAR$lBLL01$r776$b002246573$m[A concise view of the origin, constitution, and proceedings of the Honorable Society of the Governor and Assistants of London, of the New Plantation in Ulster, commonly called the Irish Society. [With an appendix of documents.]]$n[A concise view of the origin, constitution, and proceedings of the Honorable Society of the Governor and Assistants of London, of the New Plantation in Ulster, commonly called the Irish Society. [With an appendix of documents.]]
=SRC  \\$aGOOGLEBOOKS$bGoogleBooks_20140820
=SRC  \\$aMSD$bMSBooks_20160709
=SRC  \\$aMSD$bmsdig_000172
=SRC  \\$aMSD$bmsdig_000618

