=LDR  02452cam a22006253  4500
=001  015742946
=003  Uk
=005  20220615170820.0
=007  cr\mn\024mpadp
=007  cr\mn\024mpada
=008  980810|1844|||||||\\\\|s\\\\\|||\||eng\\
=FMT  \\$a  BK
=040  \\$aUk$cUk
=100  1\$aMACGEOGHEGAN, James.
=245  10$a[History of Ireland, ancient and modern. Translated ... by P. O'Kelly.]$h[electronic resource]
=264  \1$aDublin,$c1844.
=300  \\$c(8º)
=336  \\$atext$2rdacontent
=337  \\$acomputer$2rdamedia
=338  \\$aonline resource$2rdacarrier
=340  \\$m8vo$2rdabf
=787  0\$tHistory of Ireland, ancient and modern. Translated ... by P. O'Kelly.$w(Uk)MP1.0002452531$d3 vol. Dublin, 1831-32. 8º.
=856  41$uhttp://books.google.co.uk/books?vid=BL:A0017712961$yGoogle_Books
=859  \\$aXLD$bMS Digitised
=859  \\$aXLD$bMSD
=859  \\$aXLD$bGOOGLEBOOKS
=852  4\$aBritish Library$bHMNTS$cDRT$jDigital Store 9508.dd.3.
=985  \\$aCorrected by MS generated file for WR# 1805-0738
=985  \\$aCorrected by MS generated file for WR# 2206-0922 (250 field removed)
=CAT  \\$aBATCH-MSDN$b00$c20110201$lBLL01$h1258
=CAT  \\$aBATCH-MSDE$b00$c20130227$lBLL01$h1542
=CAT  \\$aMSD-SUPP$c20130227$lBLL01$h1832
=CAT  \\$aBATCH-UPD$b00$c20130318$lBLL01$h1050
=CAT  \\$aWR13.117$c20130720$lBLL01$h1920
=CAT  \\$aWR14.046$c20140417$lBLL01$h1724
=CAT  \\$aWR13.144/5$c20140418$lBLL01$h1023
=CAT  \\$aBATCH-DCW$b00$c20150123$lBLL01$h1848
=CAT  \\$aWR14_057$b00$c20151129$lBLL01$h2000
=CAT  \\$aBATCH-FIX$c20160124$lBLL01$h1228
=CAT  \\$aBATCH-FIX$c20160125$lBLL01$h1511
=CAT  \\$aBATCH-DCW$b00$c20160710$lBLL01$h1009
=CAT  \\$aBATCH-DCW$c20160713$lBLL01$h1618
=CAT  \\$a1805-0738$c20181228$lBLL01$h1830
=CAT  \\$a1805-0738$b00$c20181228$lBLL01$h1915
=CAT  \\$aW2206-0922$c20220615$lBLL01$h1708
=FIN  \\$aY$d20130227
=LKR  \\$aPAR$lBLL01$r776$b002314450$m[History of Ireland, ancient and modern. Translated ... by P. O'Kelly.]$n[History of Ireland, ancient and modern. Translated ... by P. O'Kelly.]
=DGM  \\$a002314450$bCatBridge variable field
=DRT  \\$aMSD
=DRT  \\$aGOOGLEBOOKS
=SRC  \\$aGOOGLEBOOKS$bGoogleBooks_20150122a
=SRC  \\$aMSD$bMSBooks_20160709
=SRC  \\$aMSD$bmsdig_000172
=SRC  \\$aMSD$bmsdig_000618
=LAS  \\$aW2206-0922$b00$c20220615$lBLL01$h1708

