=LDR  02546 am a22006013  4500
=001  015742952
=003  Uk
=005  20110201130331.0
=007  cr\mn\024mpadp
=007  cr\mn\024mpada
=008  890426|1845|||||||\\\\|s\\\\\|||\||eng\\
=040  \\$aUk$cUk
=100  1\$aMadden, Richard Robert,$d1798-1886.
=245  14$aThe Connexion between the Kingdom of Ireland and the Crown of England ... With an appendix of the Privy Council correspondence during ... 1811, 1812, 1816, 1817.$h[electronic resource]
=264  \1$aDublin :$bJames Duffy,$c1845.
=300  \\$aiii, 340 pages ;$c(8º)
=336  \\$atext$2rdacontent
=337  \\$acomputer$2rdamedia
=338  \\$aonline resource$2rdacarrier
=340  \\$m8vo$2rdabf
=852  4\$aBritish Library$bHMNTS$cDRT$jDigital Store 09506.ee.5.
=856  41$uhttp://books.google.co.uk/books?vid=BL:A0017712929$yGoogle_Books
=859  \\$aXLD$bMS Digitised
=859  \\$aXLD$bMSD
=859  \\$aXLD$bGOOGLEBOOKS
=985  \\$aCorrected by MS generated file for WR# 1805-0738
=CAT  \\$aBATCH-MSDN$b00$c20110201$lBLL01$h1303
=CAT  \\$aBATCH-MSDE$b00$c20130227$lBLL01$h1542
=CAT  \\$aMSD-SUPP$c20130227$lBLL01$h1832
=CAT  \\$aBATCH-UPD$b00$c20130318$lBLL01$h1050
=CAT  \\$a5194$b40$c20130403$lBLL01$h1557
=CAT  \\$aWR13.117$c20130720$lBLL01$h1920
=CAT  \\$aWR14.046$c20140417$lBLL01$h1724
=CAT  \\$aWR13.144/5$c20140418$lBLL01$h1023
=CAT  \\$aBATCH-DCW$b00$c20140815$lBLL01$h0211
=CAT  \\$aWR14_057$b00$c20151129$lBLL01$h2000
=CAT  \\$aBATCH-FIX$c20160124$lBLL01$h1228
=CAT  \\$aBATCH-FIX$c20160125$lBLL01$h1511
=CAT  \\$aBATCH-DCW$b00$c20160710$lBLL01$h1009
=CAT  \\$aBATCH-DCW$c20160713$lBLL01$h1618
=CAT  \\$a1805-0738$c20181228$lBLL01$h1830
=CAT  \\$a1805-0738$b00$c20181228$lBLL01$h1915
=DGM  \\$a002335556$bCatBridge variable field
=DRT  \\$aMSD
=DRT  \\$aGOOGLEBOOKS
=FIN  \\$aY$d20130227
=FMT  \\$a  BK
=LAS  \\$a1805-0738$b00$c20181228$lBLL01$h1915
=LKR  \\$aPAR$lBLL01$r776$b002335556$mThe Connexion between the Kingdom of Ireland and the Crown of England ... With an appendix of the Privy Council correspondence during ... 1811, 1812, 1816, 1817.$nThe Connexion between the Kingdom of Ireland and the Crown of England ... With an appendix of the Privy Council correspondence during ... 1811, 1812, 1816, 1817.
=SRC  \\$aGOOGLEBOOKS$bGoogleBooks_20140814
=SRC  \\$aMSD$bMSBooks_20160709
=SRC  \\$aMSD$bmsdig_000172
=SRC  \\$aMSD$bmsdig_000619

