=LDR  02317 am a22006253  4500
=001  015742958
=003  Uk
=005  20191108181319.0
=007  cr\mn\024mpadp
=007  cr\mn\024mpada
=008  890601|1850||||enk\\\\|s\\\\\|||\||eng\\
=040  \\$aUk$cUk
=100  1\$aMazepa, Ivan Stepanovych,$d1639-1709.
=245  10$aMazeppa; or the Wild Horse of the Ukraine. A romance.$h[electronic resource]
=264  \1$aLondon,$c1850.
=300  \\$c(8º)
=336  \\$atext$2rdacontent
=337  \\$acomputer$2rdamedia
=338  \\$aonline resource$2rdacarrier
=340  \\$m8vo$2rdabf
=852  4\$aBritish Library$bHMNTS$cDRT$jDigital Store 12623.f.47
=852  4\$aBritish Library$bHMNTS$cDRT$jDigital Store 12623.f.47.
=856  41$uhttp://books.google.co.uk/books?vid=BL:A0017514883$yGoogle_Books
=859  \\$aXLD$bMS Digitised
=859  \\$aXLD$bMSD
=859  \\$aXLD$bGOOGLEBOOKS
=985  \\$aUpgraded by BSS-generated file for WR1910-0531
=CAT  \\$aBATCH-MSDN$b00$c20110201$lBLL01$h1303
=CAT  \\$aBATCH-MSDE$b00$c20130227$lBLL01$h1542
=CAT  \\$aMSD-SUPP$c20130227$lBLL01$h1832
=CAT  \\$aBATCH-UPD$b00$c20130318$lBLL01$h1050
=CAT  \\$aWR13.117$c20130720$lBLL01$h1920
=CAT  \\$aWR14.046$c20140417$lBLL01$h1724
=CAT  \\$aWR13.144/5$c20140418$lBLL01$h1023
=CAT  \\$aBATCH-DCW$b00$c20141102$lBLL01$h0209
=CAT  \\$aWR14_057$b00$c20151129$lBLL01$h2000
=CAT  \\$aBATCH-FIX$c20160124$lBLL01$h1228
=CAT  \\$aBATCH-FIX$c20160125$lBLL01$h1511
=CAT  \\$aBATCH-DCW$b00$c20160710$lBLL01$h1009
=CAT  \\$aBATCH-DCW$c20160713$lBLL01$h1618
=CAT  \\$aW1807-0595$c20180717$lBLL01$h1729
=CAT  \\$a1805-0738$c20181228$lBLL01$h1830
=CAT  \\$a1805-0738$b00$c20181228$lBLL01$h1915
=CAT  \\$aW1910-0531$b00$c20191108$lBLL01$h1813
=DGM  \\$a002439264$bCatBridge variable field
=DRT  \\$aMSD
=DRT  \\$aGOOGLEBOOKS
=FIN  \\$aY$d20130227
=FMT  \\$a  BK
=LAS  \\$aW1910-0531$b00$c20191108$lBLL01$h1813
=LKR  \\$aPAR$lBLL01$r776$b002439264$mMazeppa; or the Wild Horse of the Ukraine. A romance.$nMazeppa, or, The Wild horse of the Ukraine. A romance.
=SRC  \\$aGOOGLEBOOKS$bGoogleBooks_20141101
=SRC  \\$aMSD$bMSBooks_20160709
=SRC  \\$aMSD$bmsdig_000172
=SRC  \\$aMSD$bmsdig_000619

