=LDR  02989cam a22007093  4500
=001  015742963
=003  Uk
=005  20220201174118.0
=007  cr\mn\024mpada
=007  cr\mn\024mpadp
=008  980331s1828\\\\enk\\\\|s\\\\\|||\0|eng\\
=FMT  \\$a  BK
=040  \\$aUk$beng$cUk
=100  1\$aMILLER, J. R.$c(Historian)
=245  14$aThe history of Great Britain from the death of George II to the coronation of George IV :$bdesigned as a continuation of Hume and Smollett.
=264  \1$aLondon :$bJones and Co.,$c1828.
=300  \\$ax, 464 pages ;$c(8º)
=336  \\$atext$2rdacontent
=337  \\$acomputer$2rdamedia
=338  \\$aonline resource$2rdacarrier
=340  \\$m8vo$2rdabf
=600  07$aGeorge$bIII,$cKing of Great Britain,$d1738-1820$2fast$0(OCoLC)fst00036864
=600  07$aGeorge$bIV,$cKing of Great Britain,$d1762-1830$2fast$0(OCoLC)fst00016357
=648  \7$a1800-1899$2fast
=650  \7$aPolitics and government.$2fast$0(OCoLC)fst01919741
=651  \7$aGreat Britain.$2fast$0(OCoLC)fst01204623
=655  \7$aHistory.$2fast$0(OCoLC)fst01411628
=787  0\$tThe history of Great Britain from the death of George II to the coronation of George IV$w(Uk)MP1.0002647033
=856  41$uhttp://books.google.co.uk/books?vid=BL:A0017712931$yGoogle_Books
=859  \\$aXLD$bGOOGLEBOOKS
=859  \\$aXLD$bMS Digitised
=859  \\$aXLD$bMSD
=852  4\$aBritish Library$bHMNTS$cDRT$jDigital Store 09506.f.34.$3[Another issue.]
=985  \\$aUpgraded by BSS-generated file for WR1910-0531
=CAT  \\$a1805-0738$b00$c20181228$lBLL01$h1915
=CAT  \\$a1805-0738$c20181228$lBLL01$h1830
=CAT  \\$aBATCH-DCW$b00$c20150123$lBLL01$h1848
=CAT  \\$aBATCH-DCW$b00$c20160710$lBLL01$h1009
=CAT  \\$aBATCH-DCW$c20160713$lBLL01$h1618
=CAT  \\$aBATCH-FIX$c20160124$lBLL01$h1228
=CAT  \\$aBATCH-FIX$c20160125$lBLL01$h1511
=CAT  \\$aBATCH-MSDE$b00$c20130227$lBLL01$h1542
=CAT  \\$aBATCH-MSDN$b00$c20110201$lBLL01$h1303
=CAT  \\$aBATCH-UPD$b00$c20130318$lBLL01$h1050
=CAT  \\$aMSD-SUPP$c20130227$lBLL01$h1832
=CAT  \\$aW1910-0531$b00$c20191108$lBLL01$h1813
=CAT  \\$aWR13.117$c20130720$lBLL01$h1920
=CAT  \\$aWR13.144/5$c20140418$lBLL01$h1023
=CAT  \\$aWR13_070$b00$c20130504$lBLL01$h0329
=CAT  \\$aWR14.046$c20140417$lBLL01$h1724
=CAT  \\$aWR14_057$b00$c20151129$lBLL01$h2000
=CAT  \\$aW2107-1297$b00$c20220201$lBLL01$h1741
=FIN  \\$aY$d20130227
=LKR  \\$aPAR$lBLL01$r776$b002495432$mThe history of Great Britain from the death of George II to the coronation of George IV$nThe history of Great Britain from the death of George II to the coronation of George IV
=DGM  \\$a002495432$bCatBridge variable field
=DRT  \\$aGOOGLEBOOKS
=DRT  \\$aMSD
=SRC  \\$aGOOGLEBOOKS$bGoogleBooks_20150122a
=SRC  \\$aMSD$bMSBooks_20160709
=SRC  \\$aMSD$bmsdig_000172
=SRC  \\$aMSD$bmsdig_000619
=LAS  \\$aW2107-1297$b00$c20220201$lBLL01$h1741

