=LDR  02386 am a22006253  4500
=001  015742986
=003  Uk
=005  20200626182715.0
=007  cr\mn\024mpadp
=007  cr\mn\024mpada
=008  900112|1853||||enk\\\\|s\\\\\|||\||eng\\
=040  \\$aUk$cUk
=100  1\$aPOSTE, Beale.
=245  10$aBritannic Researches: or, new facts and rectifications of ancient British History.$h[electronic resource]
=264  \1$aLondon,$c1853.
=300  \\$c(8º)
=336  \\$atext$2rdacontent
=337  \\$acomputer$2rdamedia
=338  \\$aonline resource$2rdacarrier
=852  4\$aBritish Library$bHMNTS$cDRT$jDigital Store 9505.c.11.
=856  41$uhttp://books.google.co.uk/books?vid=BL:A0017668820$yGoogle_Books
=859  \\$aXLD$bMS Digitised
=859  \\$aXLD$bMSD
=859  \\$aXLD$bGOOGLEBOOKS
=985  \\$aUpgraded by BSS-generated file for WR1910-0531
=CAT  \\$aBATCH-MSDN$b00$c20110201$lBLL01$h1310
=CAT  \\$aBATCH-MSDE$b00$c20130227$lBLL01$h1543
=CAT  \\$aMSD-SUPP$c20130227$lBLL01$h1832
=CAT  \\$aBATCH-UPD$b00$c20130318$lBLL01$h1050
=CAT  \\$aWR13.117$c20130720$lBLL01$h1920
=CAT  \\$aWR14.046$c20140417$lBLL01$h1724
=CAT  \\$aWR13.144/5$c20140418$lBLL01$h1023
=CAT  \\$aWR14_057$b00$c20141011$lBLL01$h1511
=CAT  \\$aBATCH-DCW$b00$c20141025$lBLL01$h0224
=CAT  \\$aBATCH-DCW$b00$c20151210$lBLL01$h1834
=CAT  \\$aBATCH-FIX$c20160124$lBLL01$h1228
=CAT  \\$aBATCH-FIX$c20160125$lBLL01$h1511
=CAT  \\$aBATCH-DCW$b00$c20160710$lBLL01$h1009
=CAT  \\$aBATCH-DCW$c20160713$lBLL01$h1618
=CAT  \\$a1805-0738$c20181228$lBLL01$h1830
=CAT  \\$a1805-0738$b00$c20181228$lBLL01$h1915
=CAT  \\$aW1910-0531$b00$c20191108$lBLL01$h1813
=CAT  \\$aW2001-2376$c20200626$lBLL01$h1827
=DGM  \\$a002967344$bCatBridge variable field
=DRT  \\$aMSD
=DRT  \\$aGOOGLEBOOKS
=FIN  \\$aY$d20130227
=FMT  \\$a  BK
=LAS  \\$aW2001-2376$b00$c20200626$lBLL01$h1827
=LKR  \\$aPAR$lBLL01$r776$b002967344$mBritannic Researches: or, new facts and rectifications of ancient British History.$nBritannic Researches: or, new facts and rectifications of ancient British History.
=SRC  \\$aGOOGLEBOOKS$bGoogleBooks_20141024
=SRC  \\$aGOOGLEBOOKS$bGoogleBooks_20141024_2
=SRC  \\$aMSD$bMSBooks_20160709
=SRC  \\$aMSD$bmsdig_000172
=SRC  \\$aMSD$bmsdig_000620

