=LDR  02764 am a22006253  4500
=001  015743012
=003  Uk
=005  20200626182715.0
=007  cr\mn\024mpadp
=007  cr\mn\024mpada
=008  910213|1863|||||||\\\\|s\\\\||||\||fre\\
=040  \\$aUk$cUk
=110  1\$aRussia.
=240  10$aAppendix. History and Politics
=245  10$aLa Russie au XVIIIe siècle: mémoires inédits sur les règnes de Pierre le Grand, Catherine Ire et Pierre II., publiés et précédés d'une introduction par le Prince A. Galitzin.$h[electronic resource]
=264  \1$aParis,$c1863.
=300  \\$axxiii, 434 pages ;$c(8º)
=336  \\$atext$2rdacontent
=337  \\$acomputer$2rdamedia
=338  \\$aonline resource$2rdacarrier
=700  1\$aGOLITSUIN, Avgustin Petrovich,$cPrince.
=852  4\$aBritish Library$bHMNTS$cDRT$jDigital Store 9455.bb.3.
=856  41$uhttp://books.google.co.uk/books?vid=BL:A0018368333$yGoogle_Books
=859  \\$aXLD$bMS Digitised
=859  \\$aXLD$bMSD
=859  \\$aXLD$bGOOGLEBOOKS
=886  2\$2blmarc$a709$b00$aGOLITSUIN$hAvgustin Petrovich$fPrince$p9455.bb.3.$x1280270241
=985  \\$aCorrected by MS generated file for WR# 1805-0738
=CAT  \\$aBATCH-MSDN$b00$c20110201$lBLL01$h1318
=CAT  \\$aBATCH-MSDE$b00$c20130227$lBLL01$h1543
=CAT  \\$aMSD-SUPP$c20130227$lBLL01$h1832
=CAT  \\$aBATCH-UPD$b00$c20130318$lBLL01$h1050
=CAT  \\$aWR13.117$c20130720$lBLL01$h1920
=CAT  \\$aWR14.046$c20140417$lBLL01$h1724
=CAT  \\$aWR13.144/5$c20140418$lBLL01$h1023
=CAT  \\$aBATCH-DCW$b00$c20150123$lBLL01$h0208
=CAT  \\$aWR14_057$b00$c20151129$lBLL01$h2002
=CAT  \\$aBATCH-FIX$c20160124$lBLL01$h1228
=CAT  \\$aBATCH-FIX$c20160125$lBLL01$h1511
=CAT  \\$aBATCH-DCW$b00$c20160710$lBLL01$h1009
=CAT  \\$aBATCH-DCW$c20160713$lBLL01$h1618
=CAT  \\$a1805-0738$c20181228$lBLL01$h1830
=CAT  \\$a1805-0738$b00$c20181228$lBLL01$h1915
=CAT  \\$aW2001-2376$c20200626$lBLL01$h1827
=DGM  \\$a003204981$bCatBridge variable field
=DRT  \\$aMSD
=DRT  \\$aGOOGLEBOOKS
=FIN  \\$aY$d20130227
=FMT  \\$a  BK
=LAS  \\$aW2001-2376$b00$c20200626$lBLL01$h1827
=LKR  \\$aPAR$lBLL01$r776$b003204981$mLa Russie au XVIIIe siècle: mémoires inédits sur les règnes de Pierre le Grand, Catherine Ire et Pierre II., publiés et précédés d'une introduction par le Prince A. Galitzin.$nLa Russie au XVIIIe siècle: mémoires inédits sur les règnes de Pierre le Grand, Catherine Ire et Pierre II., publiés et précédés d'une introduction par le Prince A. Galitzin.
=SRC  \\$aGOOGLEBOOKS$bGoogleBooks_20150122
=SRC  \\$aMSD$bMSBooks_20160709
=SRC  \\$aMSD$bmsdig_000172
=SRC  \\$aMSD$bmsdig_000621

