=LDR  03067 am a22006973  4500
=001  015743094
=003  Uk
=005  20191108181319.0
=007  cr\mn\024mpadp
=007  cr\mn\024mpada
=008  900309|1825||||enk\\\\|s\\\\\|||\||eng\\
=040  \\$aUk$cUk
=100  1\$aShakespeare, William,$d1564-1616.
=240  10$aWorks
=245  14$aThe Works of Shakspeare; from the text of Johnson, Steevens, and Reed. With a biographical memoir, and a variety of interesting matter, illustrative of his life and writings. By W. Harvey.$h[electronic resource]
=264  \1$aLondon :$bPublished for the Proprietors of the 'London Stage', by Sherwood, Jones & Co,$c1825.
=300  \\$alxxx, 896 pages ;$c(8º)
=336  \\$atext$2rdacontent
=337  \\$acomputer$2rdamedia
=338  \\$aonline resource$2rdacarrier
=340  \\$m8vo$2rdabf
=700  1\$aHarvey, W.
=852  4\$aBritish Library$bHMNTS$cDRT$jDigital Store 642.f.21.
=856  41$uhttp://books.google.co.uk/books?vid=BL:A0017659786$yGoogle_Books
=859  \\$aXLD$bMS Digitised
=859  \\$aXLD$bMSD
=859  \\$aXLD$bGOOGLEBOOKS
=886  2\$2blmarc$a709$b00$aHARVEY$hW.$p642.f.21.$x1412910056
=985  \\$aUpgraded by BSS-generated file for WR1910-0531
=CAT  \\$aBATCH-MSDN$b00$c20110201$lBLL01$h1443
=CAT  \\$aBATCH-UPD$b00$c20110319$lBLL01$h1709
=CAT  \\$aBATCH-MSDE$b00$c20130227$lBLL01$h1543
=CAT  \\$aMSD-SUPP$c20130227$lBLL01$h1832
=CAT  \\$aBATCH-UPD$b00$c20130318$lBLL01$h1050
=CAT  \\$aWR13.117$c20130720$lBLL01$h1920
=CAT  \\$aWR14.046$c20140417$lBLL01$h1724
=CAT  \\$aWR13.144/5$c20140418$lBLL01$h1023
=CAT  \\$aWR14_057$b00$c20141011$lBLL01$h1511
=CAT  \\$aBATCH-DCW$b00$c20141119$lBLL01$h0210
=CAT  \\$aWR11_211$c20141230$lBLL01$h1741
=CAT  \\$aBLSS-CORR$b00$c20141230$lBLL01$h1744
=CAT  \\$aBATCH-UPD$b00$c20150602$lBLL01$h1202
=CAT  \\$aBATCH-FIX$c20160124$lBLL01$h1228
=CAT  \\$aBATCH-FIX$c20160125$lBLL01$h1511
=CAT  \\$aBATCH-DCW$b00$c20160710$lBLL01$h1009
=CAT  \\$aBATCH-DCW$c20160713$lBLL01$h1618
=CAT  \\$aW1807-0595$c20180717$lBLL01$h1729
=CAT  \\$a1805-0738$c20181228$lBLL01$h1830
=CAT  \\$a1805-0738$b00$c20181228$lBLL01$h1915
=CAT  \\$aW1910-0531$b00$c20191108$lBLL01$h1813
=DGM  \\$a003349921$bCatBridge variable field
=DRT  \\$aMSD
=DRT  \\$aGOOGLEBOOKS
=FIN  \\$aY$d20130227
=FMT  \\$a  BK
=LAS  \\$aW1910-0531$b00$c20191108$lBLL01$h1813
=LKR  \\$aPAR$lBLL01$r776$b003349921$mThe Works of Shakspeare; from the text of Johnson, Steevens, and Reed. With a biographical memoir, and a variety of interesting matter, illustrative of his life and writings. By W. Harvey.$nThe Works of Shakspeare; from the text of Johnson, Steevens, and Reed. With a biographical memoir, and a variety of interesting matter, illustrative of his life and writings. By W. Harvey.
=SRC  \\$aGOOGLEBOOKS$bGoogleBooks_20141118
=SRC  \\$aMSD$bMSBooks_20160709
=SRC  \\$aMSD$bmsdig_000172
=SRC  \\$aMSD$bmsdig_000622

