=LDR  03610cam a22007333  4500
=001  015743098
=003  Uk
=005  20220615170821.0
=007  cr\mn\024mpadp
=007  cr\mn\024mpada
=008  991020|1825||||enk\\\\|s\\\\\|||\||eng\\
=FMT  \\$a  BK
=040  \\$aUk$beng$cUk
=100  1\$aSmollett, T.$q(Tobias),$d1721-1771.
=240  10$aA Complete History of England. Extracts
=245  15$a[The history of England, from the Revolution to the death of George the Second. Designed as a continuation of Mr. Hume's History ... A new edition, with the author's last corrections and improvements.]$h[electronic resource]
=264  \1$aLondon :$bJones & Co,$c1825.
=300  \\$axvi, 618 pages :$bplate, portrait ;$c(8º)
=336  \\$atext$2rdacontent
=337  \\$acomputer$2rdamedia
=338  \\$aonline resource$2rdacarrier
=340  \\$m8vo$2rdabf
=500  \\$aWith an additional titlepage, engraved.
=650  \7$aHistory$2fast$0(OCoLC)fst00958235
=787  0\$tThe history of England, from the Revolution to the death of George the Second. Designed as a continuation of Mr. Hume's History ... A new edition, with the author's last corrections and improvements.$w(Uk)MP1.0003655080$dLondon: Cadell & Davies, etc.: Edinburgh: Constable & Co., 1812. 5 vol.: plate; port. 8º.
=856  41$uhttp://books.google.co.uk/books?vid=BL:A0017712936$yGoogle_Books
=859  \\$aXLD$bMS Digitised
=859  \\$aXLD$bMSD
=859  \\$aXLD$bGOOGLEBOOKS
=852  4\$aBritish Library$bHMNTS$cDRT$jDigital Store 09506.i.12.
=985  \\$aEnhanced during collaborative project with UCL (course BASC0033). 2019-20.
=985  \\$aUpgraded by BSS-generated file for WR1910-0531
=985  \\$aCorrected by MS generated file for WR# 2206-0922 (250 field removed)
=CAT  \\$aBATCH-MSDN$b00$c20110201$lBLL01$h1443
=CAT  \\$aBATCH-MSDE$b00$c20130227$lBLL01$h1543
=CAT  \\$aMSD-SUPP$c20130227$lBLL01$h1832
=CAT  \\$aBATCH-UPD$b00$c20130318$lBLL01$h1050
=CAT  \\$aWR13.117$c20130720$lBLL01$h1920
=CAT  \\$aWR14.046$c20140417$lBLL01$h1724
=CAT  \\$aWR13.144/5$c20140418$lBLL01$h1023
=CAT  \\$a11814$b40$c20140605$lBLL01$h1204
=CAT  \\$aWR11_211$c20141230$lBLL01$h1741
=CAT  \\$aBLSS-CORR$b00$c20141230$lBLL01$h1744
=CAT  \\$aBATCH-DCW$b00$c20150123$lBLL01$h1848
=CAT  \\$aWR14_057$b00$c20151129$lBLL01$h2002
=CAT  \\$aBATCH-FIX$c20160124$lBLL01$h1228
=CAT  \\$aBATCH-FIX$c20160125$lBLL01$h1511
=CAT  \\$aBATCH-DCW$b00$c20160710$lBLL01$h1009
=CAT  \\$aBATCH-DCW$c20160713$lBLL01$h1618
=CAT  \\$a1805-0738$c20181228$lBLL01$h1830
=CAT  \\$a1805-0738$b00$c20181228$lBLL01$h1915
=CAT  \\$aW1910-0531$b00$c20191108$lBLL01$h1813
=CAT  \\$a14185$b40$c20200304$lBLL01$h0959
=CAT  \\$aW2206-0922$c20220615$lBLL01$h1708
=FIN  \\$aY$d20130227
=LKR  \\$aPAR$lBLL01$r776$b003426551$m[The history of England, from the Revolution to the death of George the Second. Designed as a continuation of Mr. Hume's History ... A new edition, with the author's last corrections and improvements.]$n[The history of England, from the Revolution to the death of George the Second. Designed as a continuation of Mr. Hume's History ... A new edition, with the author's last corrections and improvements.]
=DGM  \\$a003426551$bCatBridge variable field
=DRT  \\$aMSD
=DRT  \\$aGOOGLEBOOKS
=SRC  \\$aGOOGLEBOOKS$bGoogleBooks_20150122a
=SRC  \\$aMSD$bMSBooks_20160709
=SRC  \\$aMSD$bmsdig_000172
=SRC  \\$aMSD$bmsdig_000622
=LAS  \\$aW2206-0922$b00$c20220615$lBLL01$h1708

