=LDR  02710cam a22006973  4500
=001  015743102
=003  Uk
=005  20220201174119.0
=007  cr\mn\024mpada
=007  cr\mn\024mpadp
=008  900522s1863\\\\ru\\\\\|s\\\\\|||\0|rus\\
=FMT  \\$a  BK
=040  \\$aUk$beng$cUk
=100  1\$aSolovʹev, S. M.$q(Sergeĭ Mikhaĭlovich),$d1820-1879.
=245  10$aУчебная книга Русской исторіи.
=250  \\$aИзданіе четвертое.
=264  \1$aМосква :$b[V' Tipografii V. Gracheva i Komp.],$c[1863].
=300  \\$a1 volume ;$c(8º)
=336  \\$atext$2rdacontent
=337  \\$acomputer$2rdamedia
=338  \\$aonline resource$2rdacarrier
=650  \7$aHistory.$2fast$0(OCoLC)fst00958235
=650  \7$aTextbooks.$2fast$0(OCoLC)fst01148536
=651  \7$aRussia.$2fast$0(OCoLC)fst01207312
=856  41$uhttp://books.google.co.uk/books?vid=BL:A0018368338$yGoogle_Books
=859  \\$aXLD$bGOOGLEBOOKS
=859  \\$aXLD$bMS Digitised
=859  \\$aXLD$bMSD
=852  4\$aBritish Library$bHMNTS$cDRT$jDigital Store 9455.bb.17.
=985  \\$aCorrected by MS generated file for WR# 11/211
=985  \\$aCorrected by MS generated file for WR# 1805-0738
=CAT  \\$a1805-0738$b00$c20181228$lBLL01$h1915
=CAT  \\$a1805-0738$c20181228$lBLL01$h1830
=CAT  \\$a7416$b40$c20140507$lBLL01$h1502
=CAT  \\$aBATCH-DCW$b00$c20150124$lBLL01$h0208
=CAT  \\$aBATCH-DCW$b00$c20160710$lBLL01$h1009
=CAT  \\$aBATCH-DCW$c20160713$lBLL01$h1618
=CAT  \\$aBATCH-FIX$c20160124$lBLL01$h1228
=CAT  \\$aBATCH-FIX$c20160125$lBLL01$h1511
=CAT  \\$aBATCH-MSDE$b00$c20130227$lBLL01$h1543
=CAT  \\$aBATCH-MSDN$b00$c20110201$lBLL01$h1443
=CAT  \\$aBATCH-UPD$b00$c20130318$lBLL01$h1050
=CAT  \\$aBLSS-CORR$b00$c20140403$lBLL01$h1705
=CAT  \\$aMSD-SUPP$c20130227$lBLL01$h1832
=CAT  \\$aW2001-2376$c20200626$lBLL01$h1827
=CAT  \\$aWR11_211$c20140403$lBLL01$h1703
=CAT  \\$aWR13.117$c20130720$lBLL01$h1920
=CAT  \\$aWR13.144/5$c20140418$lBLL01$h1023
=CAT  \\$aWR14.046$c20140417$lBLL01$h1724
=CAT  \\$aWR14_057$b00$c20151129$lBLL01$h2002
=CAT  \\$aW2107-1297$b00$c20220201$lBLL01$h1741
=FIN  \\$aY$d20130227
=LKR  \\$aPAR$lBLL01$r776$b003437590$mУчебная книга Русской исторіи$nУчебная книга Русской исторіи
=DGM  \\$a003437590$bCatBridge variable field
=DRT  \\$aGOOGLEBOOKS
=DRT  \\$aMSD
=SRC  \\$aGOOGLEBOOKS$bGoogleBooks_20150123
=SRC  \\$aMSD$bMSBooks_20160709
=SRC  \\$aMSD$bmsdig_000172
=SRC  \\$aMSD$bmsdig_000622
=LAS  \\$aW2107-1297$b00$c20220201$lBLL01$h1741

