=LDR  02881 am a22006253  4500
=001  015743137
=003  Uk
=005  20110201152303.0
=007  cr\mn\024mpadp
=007  cr\mn\024mpada
=008  901122|1845|||||||\\\\|s\\\\\|||\||rus\\
=040  \\$aUk$cUk
=100  1\$aVSEVOLOZHSKY, Nikolai.
=245  10$aХронологическій указатель внѣшнихъ событій Русской Исторіи, отъ пришествія Варяговъ до вступленія на престолъ ... Императора Николая I.$h[electronic resource]
=264  \1$aМосква,$c1845.
=300  \\$c(8º)
=336  \\$atext$2rdacontent
=337  \\$acomputer$2rdamedia
=338  \\$aonline resource$2rdacarrier
=340  \\$m8vo$2rdabf
=852  4\$aBritish Library$bHMNTS$cDRT$jDigital Store 9454.g.33.
=856  41$uhttp://books.google.co.uk/books?vid=BL:A0018368279$yGoogle_Books
=859  \\$aXLD$bMS Digitised
=859  \\$aXLD$bMSD
=859  \\$aXLD$bGOOGLEBOOKS
=985  \\$aCorrected by MS generated file for WR# 11/211
=985  \\$aCorrected by MS generated file for WR# 1805-0738
=CAT  \\$aBATCH-MSDN$b00$c20110201$lBLL01$h1523
=CAT  \\$aBATCH-MSDE$b00$c20130227$lBLL01$h1543
=CAT  \\$aMSD-SUPP$c20130227$lBLL01$h1832
=CAT  \\$aBATCH-UPD$b00$c20130318$lBLL01$h1050
=CAT  \\$aWR13.117$c20130720$lBLL01$h1920
=CAT  \\$aWR11_211$c20140403$lBLL01$h1703
=CAT  \\$aBLSS-CORR$b00$c20140403$lBLL01$h1705
=CAT  \\$aWR14.046$c20140417$lBLL01$h1724
=CAT  \\$aWR13.144/5$c20140418$lBLL01$h1023
=CAT  \\$aBATCH-DCW$b00$c20150208$lBLL01$h0210
=CAT  \\$aWR14_057$b00$c20151129$lBLL01$h2003
=CAT  \\$aBATCH-FIX$c20160124$lBLL01$h1228
=CAT  \\$aBATCH-FIX$c20160125$lBLL01$h1511
=CAT  \\$aBATCH-DCW$b00$c20160710$lBLL01$h1009
=CAT  \\$aBATCH-DCW$c20160713$lBLL01$h1618
=CAT  \\$a1805-0738$c20181228$lBLL01$h1830
=CAT  \\$a1805-0738$b00$c20181228$lBLL01$h1915
=DGM  \\$a003820758$bCatBridge variable field
=DRT  \\$aMSD
=DRT  \\$aGOOGLEBOOKS
=FIN  \\$aY$d20130227
=FMT  \\$a  BK
=LAS  \\$a1805-0738$b00$c20181228$lBLL01$h1915
=LKR  \\$aPAR$lBLL01$r776$b003820758$mХронологическій указатель внѣшнихъ событій Русской Исторіи, отъ пришествія Варяговъ до вступленія на престолъ ... Императора Николая I.$nХронологическій указатель внѣшнихъ событій Русской Исторіи, отъ пришествія Варяговъ до вступленія на престолъ ... Императора Николая I.
=SRC  \\$aGOOGLEBOOKS$bGoogleBooks_20150207
=SRC  \\$aMSD$bMSBooks_20160709
=SRC  \\$aMSD$bmsdig_000172
=SRC  \\$aMSD$bmsdig_000625

