=LDR  02692cam a22006613  4500
=001  015743143
=003  Uk
=005  20220201174119.0
=007  cr\mn\024mpada
=007  cr\mn\024mpadp
=008  901005s1862\\\\xxuf\\\|s\\\\o|||\0|eng\\
=FMT  \\$a  BK
=040  \\$aUk$beng$cUk
=110  1\$aWISCONSIN, State of.$bGeological Survey.
=245  00$aReport on the geological survey of the state of Wisconsin.$nVolume 1 /$cJames Hall on general geology and palæontology, and J. D. Whitney on the Upper Mississippi Lead region.
=264  \1$a[New York?] :$bprinted by Authority of the Legislature of Wisconsin,$c1862.
=300  \\$axix, 455 pages, X plates ;$c(8º)
=336  \\$atext$2rdacontent
=337  \\$acomputer$2rdamedia
=338  \\$aonline resource$2rdacarrier
=650  \7$aGeology.$2fast$0(OCoLC)fst00940627
=651  \7$aWisconsin.$2fast$0(OCoLC)fst01204595
=856  41$uhttp://books.google.co.uk/books?vid=BL:A0017823663$yGoogle_Books
=859  \\$aXLD$bGOOGLEBOOKS
=859  \\$aXLD$bMS Digitised
=859  \\$aXLD$bMSD
=852  4\$aBritish Library$bHMNTS$cDRT$jDigital Store 7105.e.43.
=985  \\$aCorrected by MS generated file for WR# 11/211
=985  \\$aCorrected by MS generated file for WR# 1805-0738
=CAT  \\$a1805-0738$b00$c20181228$lBLL01$h1915
=CAT  \\$a1805-0738$c20181228$lBLL01$h1830
=CAT  \\$aBATCH-DCW$b00$c20140901$lBLL01$h0206
=CAT  \\$aBATCH-DCW$b00$c20160710$lBLL01$h1009
=CAT  \\$aBATCH-DCW$c20160713$lBLL01$h1618
=CAT  \\$aBATCH-FIX$c20160124$lBLL01$h1228
=CAT  \\$aBATCH-FIX$c20160125$lBLL01$h1511
=CAT  \\$aBATCH-MSDE$b00$c20130227$lBLL01$h1648
=CAT  \\$aBATCH-MSDN$b00$c20110201$lBLL01$h1523
=CAT  \\$aBATCH-UPD$b00$c20130318$lBLL01$h1050
=CAT  \\$aBLSS-CORR$b00$c20141230$lBLL01$h1744
=CAT  \\$aMSD-SUPP$c20130227$lBLL01$h1832
=CAT  \\$aW2001-2376$c20200626$lBLL01$h1827
=CAT  \\$aWR11_211$c20141230$lBLL01$h1741
=CAT  \\$aWR13.117$c20130720$lBLL01$h1920
=CAT  \\$aWR13.144/5$c20140418$lBLL01$h1023
=CAT  \\$aWR14.046$c20140417$lBLL01$h1724
=CAT  \\$aWR14_057$b00$c20151129$lBLL01$h2003
=CAT  \\$aW2107-1297$b00$c20220201$lBLL01$h1741
=FIN  \\$aY$d20130227
=LKR  \\$aPAR$lBLL01$r776$b003955839$mReport on the geological survey of the state of Wisconsin$nReport on the geological survey of the state of Wisconsin
=DGM  \\$a003955839$bCatBridge variable field
=DRT  \\$aGOOGLEBOOKS
=DRT  \\$aMSD
=SRC  \\$aGOOGLEBOOKS$bGoogleBooks_20140831
=SRC  \\$aMSD$bMSBooks_20160709
=SRC  \\$aMSD$bmsdig_000173
=SRC  \\$aMSD$bmsdig_000625
=LAS  \\$aW2107-1297$b00$c20220201$lBLL01$h1741

