=LDR  03078cam a22007213  4500
=001  014602847
=003  Uk
=005  20220615170733.0
=007  cr\mn\024mpadp
=007  cr\mn\024mpada
=008  040407|1688||||stk\\\\|s\\\\\|||\||eng\\
=FMT  \\$a  BK
=040  \\$aUk$cUk
=100  1\$aDryden, John,$d1631-1700.
=240  10$aSingle Works. Britannia Rediviva
=245  10$a[Britannia rediviva: a poem on the birth of the Prince.]$h[electronic resource]
=264  \1$a[Edinburgh] :$bHoly-Rood-House; re-printed by Mr. P. B. Enginier, printer to the King's Most Excellent Majesty, for his Houshold, Chappel and Colledge,$c1688.
=300  \\$a15 pages ;$c(4º)
=336  \\$atext$2rdacontent
=337  \\$acomputer$2rdamedia
=338  \\$aonline resource$2rdacarrier
=340  \\$m4to$2rdabf
=787  0\$tBritannia rediviva: a poem on the birth of the Prince.$w(Uk)MP1.0001039533$dLondon: printed for J. Tonson, 1688. pp. 14. fol.
=856  41$uhttp://books.google.com/books?vid=BL:A0021282392$yGoogle_Books
=859  \\$aXLD$bGOOGLEBOOKS
=859  \\$aXLD$bMS Digitised
=859  \\$aXLD$bMSD
=883  0\$aLanguage codes assigned by Bayesian analysis of words present in record$d20201028$qUk$c0.9010
=852  4\$aBritish Library$bHMNTS$cDRT$jDigital Store 11602.ee.10.(3.)
=985  \\$aUpgraded by BSS-generated file for WR1910-0531
=985  \\$aUpgraded by BSS-generated file for WR2011-1472
=985  \\$aCorrected by MS generated file for WR# 2206-0922 (250 field removed)
=CAT  \\$aBATCH-MSDN$b00$c20080430$lBLL01$h0944
=CAT  \\$aBATCH$b00$c20080430$lBLL01$h0946
=CAT  \\$aBATCH-UPD$b00$c20080502$lBLL01$h1342
=CAT  \\$aBATCH-UPD$b00$c20080506$lBLL01$h2219
=CAT  \\$aBATCH-UPD$b00$c20100501$lBLL01$h0016
=CAT  \\$aWR13.117$c20130720$lBLL01$h1900
=CAT  \\$aWR14.046$c20140417$lBLL01$h1706
=CAT  \\$aWR13.144/5$c20140418$lBLL01$h0949
=CAT  \\$aWR11_211$c20141230$lBLL01$h1736
=CAT  \\$aBLSS-CORR$b00$c20141230$lBLL01$h1742
=CAT  \\$aBATCH-DCW$b00$c20160618$lBLL01$h0207
=CAT  \\$aBATCH-DCW$b00$c20160710$lBLL01$h1004
=CAT  \\$aWR14_057$b00$c20170504$lBLL01$h1839
=CAT  \\$aBATCH-DCW$c20170927$lBLL01$h0826
=CAT  \\$aBATCH-DCW$c20170928$lBLL01$h1313
=CAT  \\$aBATCH-DCW$c20170928$lBLL01$h1323
=CAT  \\$aBATCH-DCW$b40$c20171003$lBLL01$h1809
=CAT  \\$a1805-0738$c20181228$lBLL01$h1815
=CAT  \\$a1805-0738$b00$c20181228$lBLL01$h1903
=CAT  \\$aW1910-0531$b00$c20191109$lBLL01$h1432
=CAT  \\$aW2011-1472$b00$c20201127$lBLL01$h1823
=CAT  \\$aW2206-0922$c20220615$lBLL01$h1707
=FIN  \\$aY$d20080430
=LKR  \\$aPAR$lBLL01$r776$b000987687$m[Britannia rediviva: a poem on the birth of the Prince.]$n[Britannia rediviva: a poem on the birth of the Prince.]
=DGM  \\$a000987687$bCatBridge variable field
=DRT  \\$aGOOGLEBOOKS
=DRT  \\$aMSD
=SRC  \\$aGOOGLEBOOKS$bGoogleBooks_20160617
=SRC  \\$aMSD$bMSBooks_20160709
=SRC  \\$aMSD$bmsdig_000002
=LAS  \\$aW2206-0922$b00$c20220615$lBLL01$h1707

