=LDR  02347 am a22006253  4500
=001  014602983
=003  Uk
=005  20191108180954.0
=007  cr\mn\024mpadp
=007  cr\mn\024mpada
=008  900214|1689||||enk\\\\|s\\\\\|||\||eng\\
=FMT  \\$a  BK
=040  \\$aUk$cUk
=100  1\$aRYMER, Thomas,$cAntiquary.
=245  10$aA Poem on the arrival of Queen Mary, Feb. the 12th, 1689.$h[electronic resource]
=264  \1$aLondon :$bA. Churchil,$c1689.
=300  \\$a4 pages ;$c(folio)
=336  \\$atext$2rdacontent
=337  \\$acomputer$2rdamedia
=338  \\$aonline resource$2rdacarrier
=340  \\$mfolio$2rdabf
=856  41$uhttp://books.google.com/books?vid=BL:A0021282397$yGoogle_Books
=859  \\$aXLD$bGOOGLEBOOKS
=859  \\$aXLD$bMS Digitised
=859  \\$aXLD$bMSD
=852  4\$aBritish Library$bHMNTS$cDRT$jDigital Store 11602.i.13.(1.)
=985  \\$aUpgraded by BSS-generated file for WR1910-0531
=CAT  \\$aBATCH-MSDN$b00$c20080430$lBLL01$h0953
=CAT  \\$aBATCH$b00$c20080430$lBLL01$h0954
=CAT  \\$aBATCH$b00$c20080430$lBLL01$h0955
=CAT  \\$aBATCH-UPD$b00$c20080506$lBLL01$h2219
=CAT  \\$aBATCH-UPD$b00$c20100501$lBLL01$h0016
=CAT  \\$aWR13.117$c20130720$lBLL01$h1900
=CAT  \\$aWR14.046$c20140417$lBLL01$h1706
=CAT  \\$aWR13.144/5$c20140418$lBLL01$h0949
=CAT  \\$aBATCH-DCW$b00$c20160613$lBLL01$h0207
=CAT  \\$aBATCH-DCW$b00$c20160710$lBLL01$h1004
=CAT  \\$aWR14_057$b00$c20170504$lBLL01$h1839
=CAT  \\$aBATCH-DCW$c20170927$lBLL01$h0826
=CAT  \\$aBATCH-DCW$c20170928$lBLL01$h1313
=CAT  \\$aBATCH-DCW$c20170928$lBLL01$h1323
=CAT  \\$aBATCH-DCW$b40$c20171003$lBLL01$h1809
=CAT  \\$aW1807-0595$c20180717$lBLL01$h1728
=CAT  \\$a1805-0738$c20181228$lBLL01$h1815
=CAT  \\$a1805-0738$b00$c20181228$lBLL01$h1903
=CAT  \\$aW1910-0531$b00$c20191108$lBLL01$h1809
=FIN  \\$aY$d20080430
=LKR  \\$aPAR$lBLL01$r776$b003210983$mA Poem on the arrival of Queen Mary, Feb. the 12th, 1689.$nA Poem on the arrival of Queen Mary, Feb. the 12th, 1689.
=DGM  \\$a003210983$bCatBridge variable field
=DRT  \\$aGOOGLEBOOKS
=DRT  \\$aMSD
=SRC  \\$aGOOGLEBOOKS$bGoogleBooks_20160612
=SRC  \\$aMSD$bMSBooks_20160709
=SRC  \\$aMSD$bmsdig_000004
=LAS  \\$aW1910-0531$b00$c20191108$lBLL01$h1809

