=LDR  02880 am a22006493  4500
=001  014603395
=003  Uk
=005  20191109143201.0
=007  cr\mn\024mpadp
=007  cr\mn\024mpada
=008  900406|1688||||stk\\\\|s\\\\\|||\||eng\\
=FMT  \\$a  BK
=040  \\$aUk$cUk
=100  1\$aShields, Alexander,$d1660?-1700.
=245  10$aAn elegie, upon the death, of that famous and faithfull minister and martyr, Mr. James Renwick. Composed immediatly after his execution at Edinburgh, 17. Feb. 1688. [By Alexander Shields.]$h[electronic resource]
=264  \1$a[Edinburgh],$c1688.
=300  \\$aPages not numbered ;$c(12º)
=336  \\$atext$2rdacontent
=337  \\$acomputer$2rdamedia
=338  \\$aonline resource$2rdacarrier
=340  \\$m12mo$2rdabf
=700  1\$aRENWICK, James,$cPresbyterian Minister.
=720  \\$aELEGY
=886  2\$2blmarc$a709$b00$aELEGY$p11642.c.58.$x0931810140
=886  2\$2blmarc$a709$b00$aRENWICK$hJames$fPresbyterian Minister$p11642.c.58.$x2733910094
=859  \\$aXLD$bGOOGLEBOOKS
=859  \\$aXLD$bMS Digitised
=859  \\$aXLD$bMSD
=856  41$uhttp://books.google.com/books?vid=BL:A0021293417$yGoogle_Books
=852  4\$cDRT$jDigital Store 11642.c.58.$aBritish Library$bHMNTS
=985  \\$aUpgraded by BSS-generated file for WR1910-0531
=CAT  \\$aBATCH-MSDN$b00$c20080430$lBLL01$h1349
=CAT  \\$aBATCH$b00$c20080430$lBLL01$h1350
=CAT  \\$aBATCH-UPD$b00$c20080506$lBLL01$h2220
=CAT  \\$aBATCH-UPD$b00$c20100501$lBLL01$h0016
=CAT  \\$a12179$b40$c20100603$lBLL01$h1508
=CAT  \\$aWR13.117$c20130720$lBLL01$h1900
=CAT  \\$aWR14.046$c20140417$lBLL01$h1706
=CAT  \\$aWR13.144/5$c20140418$lBLL01$h0949
=CAT  \\$aWR11_211$c20141230$lBLL01$h1734
=CAT  \\$aBLSS-CORR$b00$c20141230$lBLL01$h1742
=CAT  \\$aBATCH-DCW$b00$c20160616$lBLL01$h0206
=CAT  \\$aBATCH-DCW$b00$c20160710$lBLL01$h1004
=CAT  \\$aWR14_057$b00$c20170504$lBLL01$h1839
=CAT  \\$aW1807-0595$c20180717$lBLL01$h1728
=CAT  \\$a1805-0738$c20181228$lBLL01$h1815
=CAT  \\$a1805-0738$b00$c20181228$lBLL01$h1903
=CAT  \\$aW1910-0531$b00$c20191109$lBLL01$h1432
=FIN  \\$aY$d20080430
=LKR  \\$aPAR$lBLL01$r776$b003369453$mAn elegie, upon the death, of that famous and faithfull minister and martyr, Mr. James Renwick. Composed immediatly after his execution at Edinburgh, 17. Feb. 1688. [By Alexander Shields.]$nAn elegie, upon the death, of that famous and faithfull minister and martyr, Mr. James Renwick. Composed immediatly after his execution at Edinburgh, 17. Feb. 1688. [By Alexander Shields.]
=DGM  \\$a003369453$bCatBridge variable field
=DRT  \\$aGOOGLEBOOKS
=DRT  \\$aMSD
=SRC  \\$aGOOGLEBOOKS$bGoogleBooks_20160615
=SRC  \\$aMSD$bMSBooks_20160709
=SRC  \\$aMSD$bmsdig_000008
=LAS  \\$aW1910-0531$b00$c20191109$lBLL01$h1432

