=LDR  03028 am a22006853  4500
=001  014605604
=003  Uk
=005  20191108180957.0
=007  cr\mn\024mpadp
=007  cr\mn\024mpada
=008  890503|1679||||enk\\\\|s\\\\\|||\||eng\\
=FMT  \\$a  BK
=040  \\$aUk$cUk
=100  1\$aM., W.,$cEsq.
=245  10$aA Satyrical Poem on the most horrid and execrable Jesuitish Plot in 1678 for the assassination of the King ... By ... W. M., Esq.$h[electronic resource]
=264  \1$aLondon :$bTho. Cockerill,$c1679.
=300  \\$a8 pages ;$c(folio)
=336  \\$atext$2rdacontent
=337  \\$acomputer$2rdamedia
=338  \\$aonline resource$2rdacarrier
=340  \\$mfolio$2rdabf
=720  \\$aPOEM
=700  0\$aCharles$bII,$cKing of England,$d1630-1685.$tAppendix. Biography. II. Separate Events. 1678-1680. The Popish Plot.
=886  2\$2blmarc$a709$b00$aCHARLES II., King of Great Britain and Ireland$tAppendix$tBiography$tII. Separate Events$t1678-1680. The Popish Plot$p11602.i.27.(1.)$x059160017X
=886  2\$2blmarc$a709$b00$aPOEM$p11602.i.27.(1.)$x261203000X
=856  41$uhttp://books.google.com/books?vid=BL:A0021282404$yGoogle_Books
=859  \\$aXLD$bGOOGLEBOOKS
=859  \\$aXLD$bMS Digitised
=859  \\$aXLD$bMSD
=852  4\$aBritish Library$bHMNTS$cDRT$jDigital Store 11602.i.27.(1.)
=852  4\$cDRT$jDigital Store 11602.i.27.(1)$aBritish Library$bHMNTS
=985  \\$aUpgraded by BSS-generated file for WR1910-0531
=CAT  \\$aBATCH-MSDN$b00$c20080505$lBLL01$h1524
=CAT  \\$aBATCH$b00$c20080505$lBLL01$h1525
=CAT  \\$aBATCH-UPD$b00$c20080506$lBLL01$h2220
=CAT  \\$aBATCH-UPD$b00$c20100501$lBLL01$h0016
=CAT  \\$aWR13.117$c20130720$lBLL01$h1900
=CAT  \\$aWR14.046$c20140417$lBLL01$h1706
=CAT  \\$aWR13.144/5$c20140418$lBLL01$h0949
=CAT  \\$aBATCH-UPD$b00$c20160301$lBLL01$h1715
=CAT  \\$aBATCH-DCW$b00$c20160614$lBLL01$h0206
=CAT  \\$aBATCH-DCW$b00$c20160710$lBLL01$h1005
=CAT  \\$aWR14_057$b00$c20170504$lBLL01$h1839
=CAT  \\$aBATCH-DCW$c20170927$lBLL01$h0826
=CAT  \\$aBATCH-DCW$c20170928$lBLL01$h1313
=CAT  \\$aBATCH-DCW$c20170928$lBLL01$h1323
=CAT  \\$aBATCH-DCW$b40$c20171003$lBLL01$h1810
=CAT  \\$aW1807-0595$c20180717$lBLL01$h1728
=CAT  \\$a1805-0738$c20181228$lBLL01$h1815
=CAT  \\$a1805-0738$b00$c20181228$lBLL01$h1903
=CAT  \\$aW1910-0531$b00$c20191108$lBLL01$h1809
=FIN  \\$aY$d20080505
=LKR  \\$aPAR$lBLL01$r776$b002300161$mA Satyrical Poem on the most horrid and execrable Jesuitish Plot in 1678 for the assassination of the King ... By ... W. M., Esq.$nA Satyrical Poem on the most horrid and execrable Jesuitish Plot in 1678 for the assassination of the King ... By ... W. M., Esq.
=DGM  \\$a002300161$bCatBridge variable field
=DRT  \\$aGOOGLEBOOKS
=DRT  \\$aMSD
=SRC  \\$aGOOGLEBOOKS$bGoogleBooks_20160613
=SRC  \\$aMSD$bMSBooks_20160709
=SRC  \\$aMSD$bmsdig_000029
=LAS  \\$aW1910-0531$b00$c20191108$lBLL01$h1809

