=LDR  02537 am a22006373  4500
=001  014605608
=003  Uk
=005  20201127182356.0
=007  cr\mn\024mpadp
=007  cr\mn\024mpada
=008  890726|1695||||enk\\\\|s\\\\\|||\||eng\\
=FMT  \\$a  BK
=040  \\$aUk$cUk
=100  1\$aN., T.,$cGent.
=245  10$aA Poem on the Queen [Mary II.]. By T. N. Gent.$h[electronic resource]
=264  \1$aLondon :$bPrinted for Richard Baldwin,$c1695.
=300  \\$a5 pages ;$c(folio)
=336  \\$atext$2rdacontent
=337  \\$acomputer$2rdamedia
=338  \\$aonline resource$2rdacarrier
=340  \\$mfolio$2rdabf
=700  0\$aMary$bII,$cQueen of England,$d1662-1694.
=886  2\$2blmarc$a709$b00$aMARY II., Queen of Great Britain and Ireland$p11602.i.27.(5.)$x2140380223
=859  \\$aXLD$bGOOGLEBOOKS
=859  \\$aXLD$bMS Digitised
=859  \\$aXLD$bMSD
=856  41$uhttp://books.google.com/books?vid=BL:A0021282408$yGoogle_Books
=883  0\$aLanguage codes assigned by Bayesian analysis of words present in record$d20201028$qUk$c0.9010
=852  4\$aBritish Library$bHMNTS$cDRT$jDigital Store 11602.i.27.(5.)
=852  4\$cDRT$jDigital Store 11602.i.27.(5)$aBritish Library$bHMNTS
=985  \\$aUpgraded by BSS-generated file for WR1910-0531
=985  \\$aUpgraded by BSS-generated file for WR2011-1472
=CAT  \\$aBATCH-MSDN$b00$c20080505$lBLL01$h1524
=CAT  \\$aBATCH$b00$c20080505$lBLL01$h1525
=CAT  \\$aBATCH-UPD$b00$c20080506$lBLL01$h2220
=CAT  \\$aBATCH-UPD$b00$c20100501$lBLL01$h0016
=CAT  \\$aWR13.117$c20130720$lBLL01$h1900
=CAT  \\$aWR14.046$c20140417$lBLL01$h1706
=CAT  \\$aWR13.144/5$c20140418$lBLL01$h0949
=CAT  \\$aBATCH-UPD$b00$c20160301$lBLL01$h1715
=CAT  \\$aBATCH-DCW$b00$c20160614$lBLL01$h0206
=CAT  \\$aBATCH-DCW$b00$c20160710$lBLL01$h1005
=CAT  \\$aWR14_057$b00$c20170504$lBLL01$h1839
=CAT  \\$a1805-0738$c20181228$lBLL01$h1815
=CAT  \\$a1805-0738$b00$c20181228$lBLL01$h1903
=CAT  \\$aW1910-0531$b00$c20191108$lBLL01$h1809
=CAT  \\$aW2011-1472$b00$c20201127$lBLL01$h1823
=FIN  \\$aY$d20080505
=LKR  \\$aPAR$lBLL01$r776$b002599202$mA Poem on the Queen [Mary II.]. By T. N. Gent.$nA Poem on the Queen [Mary II.]. By T. N. Gent.
=DGM  \\$a002599202$bCatBridge variable field
=DRT  \\$aGOOGLEBOOKS
=DRT  \\$aMSD
=SRC  \\$aGOOGLEBOOKS$bGoogleBooks_20160613
=SRC  \\$aMSD$bMSBooks_20160709
=SRC  \\$aMSD$bmsdig_000029
=LAS  \\$aW2011-1472$b00$c20201127$lBLL01$h1823

