=LDR  02617cam a22006973  4500
=001  014605609
=003  Uk
=005  20220201173635.0
=007  cr\mn\024mpada
=007  cr\mn\024mpadp
=008  890908s1684\\\\enk\\\\|s\\\\\|||\1|eng\\
=FMT  \\$a  BK
=040  \\$aUk$beng$cUk
=100  1\$aP., H.
=245  12$aA satyr against common-wealths /$c[H. P.].
=264  \1$aCambridge :$bFrancis Hicks,$c1684.
=264  \1$aLondon :$bprinted for Joseph Hindmarsh,$c1684.
=300  \\$a10 pages ;$c(folio)
=336  \\$atext$2rdacontent
=337  \\$acomputer$2rdamedia
=338  \\$aonline resource$2rdacarrier
=340  \\$mfolio$2rdabf
=380  \\$afiction$2marcgt
=655  \7$aFiction.$2fast$0(OCoLC)fst01423787
=655  \7$aSatire.$2fast$0(OCoLC)fst01726731
=720  \\$aSATIRE
=856  41$uhttp://books.google.com/books?vid=BL:A0021282407$yGoogle_Books
=859  \\$aXLD$bGOOGLEBOOKS
=859  \\$aXLD$bMS Digitised
=859  \\$aXLD$bMSD
=883  0\$aLanguage codes assigned by Bayesian analysis of words present in record$d20201028$qUk$c0.9010
=886  2\$2blmarc$a709$b00$aSATIRE$p11602.i.27.(4.)$x2903390053
=852  4\$aBritish Library$bHMNTS$cDRT$jDigital Store 11602.i.27.(4.)
=985  \\$aUpgraded by BSS-generated file for WR1910-0531
=985  \\$aUpgraded by BSS-generated file for WR2011-1472
=CAT  \\$a1805-0738$b00$c20181228$lBLL01$h1903
=CAT  \\$a1805-0738$c20181228$lBLL01$h1815
=CAT  \\$aBATCH$b00$c20080505$lBLL01$h1525
=CAT  \\$aBATCH-DCW$b00$c20160614$lBLL01$h0206
=CAT  \\$aBATCH-DCW$b00$c20160710$lBLL01$h1005
=CAT  \\$aBATCH-MSDN$b00$c20080505$lBLL01$h1524
=CAT  \\$aBATCH-UPD$b00$c20080506$lBLL01$h2220
=CAT  \\$aBATCH-UPD$b00$c20100501$lBLL01$h0016
=CAT  \\$aBLSS-CORR$b00$c20141230$lBLL01$h1742
=CAT  \\$aW1910-0531$b00$c20191108$lBLL01$h1809
=CAT  \\$aW2011-1472$b00$c20201127$lBLL01$h1823
=CAT  \\$aWR11_211$c20141230$lBLL01$h1736
=CAT  \\$aWR13.117$c20130720$lBLL01$h1900
=CAT  \\$aWR13.144/5$c20140418$lBLL01$h0949
=CAT  \\$aWR14.046$c20140417$lBLL01$h1706
=CAT  \\$aWR14_057$b00$c20170504$lBLL01$h1839
=CAT  \\$aW2107-1297$b00$c20220201$lBLL01$h1736
=FIN  \\$aY$d20080505
=LKR  \\$aPAR$lBLL01$r776$b002742403$mA satyr against common-wealths$nA satyr against common-wealths
=DGM  \\$a002742403$bCatBridge variable field
=DRT  \\$aGOOGLEBOOKS
=DRT  \\$aMSD
=SRC  \\$aGOOGLEBOOKS$bGoogleBooks_20160613
=SRC  \\$aMSD$bMSBooks_20160709
=SRC  \\$aMSD$bmsdig_000029
=LAS  \\$aW2107-1297$b00$c20220201$lBLL01$h1736

