=LDR  02357 am a22006013  4500
=001  014605626
=003  Uk
=005  20201127182356.0
=007  cr\mn\024mpadp
=007  cr\mn\024mpada
=008  871111|1681||||enk\\\\|s\\\\||||\||eng\\
=FMT  \\$a  BK
=040  \\$aUk$cUk
=245  10$aA Vote for Moderate Counsels ... An ode, by a Barrister at Law.$h[electronic resource]
=264  \1$aLondon :$bJames Vade,$c1681.
=300  \\$a14 pages ;$c(folio)
=336  \\$atext$2rdacontent
=337  \\$acomputer$2rdamedia
=338  \\$aonline resource$2rdacarrier
=340  \\$mfolio$2rdabf
=720  \\$aBARRISTER-AT-LAW
=859  \\$aXLD$bGOOGLEBOOKS
=859  \\$aXLD$bMS Digitised
=859  \\$aXLD$bMSD
=856  41$uhttp://books.google.com/books?vid=BL:A0021282405$yGoogle_Books
=883  0\$aLanguage codes assigned by Bayesian analysis of words present in record$d20201028$qUk$c0.9010
=852  4\$aBritish Library$bHMNTS$cDRT$jDigital Store 11602.i.27.(2.)
=852  4\$cDRT$jDigital Store 11602.i.27.(2)$aBritish Library$bHMNTS
=985  \\$aUpgraded by BSS-generated file for WR1910-0531
=985  \\$aUpgraded by BSS-generated file for WR2011-1472
=CAT  \\$aBATCH-MSDN$b00$c20080505$lBLL01$h1524
=CAT  \\$aBATCH$b00$c20080505$lBLL01$h1525
=CAT  \\$aBATCH-UPD$b00$c20080506$lBLL01$h2220
=CAT  \\$aBATCH-UPD$b00$c20100501$lBLL01$h0016
=CAT  \\$aWR13.117$c20130720$lBLL01$h1900
=CAT  \\$aWR14.046$c20140417$lBLL01$h1706
=CAT  \\$aWR13.144/5$c20140418$lBLL01$h0949
=CAT  \\$aBATCH-DCW$b00$c20160613$lBLL01$h0207
=CAT  \\$aBATCH-DCW$b00$c20160710$lBLL01$h1005
=CAT  \\$aWR14_057$b00$c20170504$lBLL01$h1839
=CAT  \\$a1805-0738$c20181228$lBLL01$h1815
=CAT  \\$a1805-0738$b00$c20181228$lBLL01$h1903
=CAT  \\$aW1910-0531$b00$c20191108$lBLL01$h1809
=CAT  \\$aW2011-1472$b00$c20201127$lBLL01$h1823
=FIN  \\$aY$d20080505
=LKR  \\$aPAR$lBLL01$r776$b000211229$mA Vote for Moderate Counsels ... An ode, by a Barrister at Law.$nA Vote for Moderate Counsels ... An ode, by a Barrister at Law.
=DGM  \\$a000211229$bCatBridge variable field
=DRT  \\$aGOOGLEBOOKS
=DRT  \\$aMSD
=SRC  \\$aGOOGLEBOOKS$bGoogleBooks_20160612
=SRC  \\$aMSD$bMSBooks_20160709
=SRC  \\$aMSD$bmsdig_000029
=LAS  \\$aW2011-1472$b00$c20201127$lBLL01$h1823

