=LDR  02887 am a22006253  4500
=001  014608195
=003  Uk
=005  20191108180958.0
=007  cr\mn\024mpadp
=007  cr\mn\024mpada
=008  880308|1662||||enk\\\\|s\\\\||||\||eng\\
=FMT  \\$a  BK
=040  \\$aUk$cUk
=245  14$aThe Coffee Scuffle, occasioned by a contest between a learned Knight, and a pitifull pedagogue. With the character of a Coffee-House. [With a MS. note, "This is thought to be made by one Woolnoth on Evans a schoole mr & Sir James Langham."]$h[electronic resource]
=264  \1$aLondon,$c1662.
=300  \\$c(4º)
=336  \\$atext$2rdacontent
=337  \\$acomputer$2rdamedia
=338  \\$aonline resource$2rdacarrier
=340  \\$m4to$2rdabf
=700  0\$aEVANS,$cSchoolmaster.
=700  1\$aLANGHAM, James,$cSir.
=720  \\$aCOFFEE SCUFFLE
=720  \\$aWOOLNOTH
=886  2\$2blmarc$a709$b00$aEVANS$fSchoolmaster$p11622.b.11.$x1034690140
=886  2\$2blmarc$a709$b00$aLANGHAM$eSir$hJames$p11622.bb.11.$x1840590106
=886  2\$2blmarc$a709$b00$aWOOLNOTH$p11622.bb.11.$x3552930264
=859  \\$aXLD$bGOOGLEBOOKS
=859  \\$aXLD$bMS Digitised
=859  \\$aXLD$bMSD
=856  41$uhttp://books.google.com/books?vid=BL:A0021282438$yGoogle_Books
=852  4\$cDRT$jDigital Store 11622.bb.11.$aBritish Library$bHMNTS
=985  \\$aUpgraded by BSS-generated file for WR1910-0531
=CAT  \\$aBATCH-MSDN$b00$c20080506$lBLL01$h2050
=CAT  \\$aBATCH$b00$c20080506$lBLL01$h2053
=CAT  \\$aBATCH-UPD$b00$c20100501$lBLL01$h0016
=CAT  \\$aWR13.117$c20130720$lBLL01$h1900
=CAT  \\$aWR14.046$c20140417$lBLL01$h1707
=CAT  \\$aWR13.144/5$c20140418$lBLL01$h0949
=CAT  \\$aBATCH-DCW$b00$c20160702$lBLL01$h0210
=CAT  \\$aBATCH-DCW$b00$c20160710$lBLL01$h1005
=CAT  \\$aWR14_057$b00$c20170504$lBLL01$h1839
=CAT  \\$aW1807-0595$c20180717$lBLL01$h1728
=CAT  \\$a1805-0738$c20181228$lBLL01$h1815
=CAT  \\$a1805-0738$b00$c20181228$lBLL01$h1903
=CAT  \\$aW1910-0531$b00$c20191108$lBLL01$h1809
=FIN  \\$aY$d20080506
=LKR  \\$aPAR$lBLL01$r776$b000735632$mThe Coffee Scuffle, occasioned by a contest between a learned Knight, and a pitifull pedagogue. With the character of a Coffee-House. [With a MS. note, "This is thought to be made by one Woolnoth on Evans a schoole mr & Sir James Langham."]$nThe Coffee Scuffle, occasioned by a contest between a learned Knight, and a pitifull pedagogue. With the character of a Coffee-House. [With a MS. note, "This is thought to be made by one Woolnoth on Evans a schoole mr & Sir James Langham."]
=DGM  \\$a000735632$bCatBridge variable field
=DRT  \\$aGOOGLEBOOKS
=DRT  \\$aMSD
=SRC  \\$aGOOGLEBOOKS$bGoogleBooks_20160701
=SRC  \\$aMSD$bMSBooks_20160709
=SRC  \\$aMSD$bmsdig_000031
=LAS  \\$aW1910-0531$b00$c20191108$lBLL01$h1809

