=LDR  02910 am a22006853  4500
=001  014608249
=003  Uk
=005  20201127182358.0
=007  cr\mn\024mpadp
=007  cr\mn\024mpada
=008  891107|1679||||enk\\\\|s\\\\||||\||eng\\
=FMT  \\$a  BK
=040  \\$aUk$cUk
=245  10$aA Pindarique Ode describing the Excellency of True Virtue, with reflexions on the "Satyr against Virtue." [By John Oldham.]$h[electronic resource]
=264  \1$aLondon,$c1679.
=300  \\$a6 pages ;$c(4º)
=336  \\$atext$2rdacontent
=337  \\$acomputer$2rdamedia
=338  \\$aonline resource$2rdacarrier
=340  \\$m4to$2rdabf
=700  1\$aOldham, John,$d1653-1683.
=720  \\$aPINDARIC ODE
=720  \\$aSATIRE. A Satyr against Vertue.
=886  2\$2blmarc$a709$b00$aOLDHAM$hJohn$p11601.ee.32.(3.)$x2411780206
=886  2\$2blmarc$a709$b00$aSATIRE$tA Satyr against Vertue.$p11601.ee.32.(3.)$x2903390185
=856  41$uhttp://books.google.com/books?vid=BL:A0021282390$yGoogle_Books
=859  \\$aXLD$bGOOGLEBOOKS
=859  \\$aXLD$bMS Digitised
=859  \\$aXLD$bMSD
=883  0\$aLanguage codes assigned by Bayesian analysis of words present in record$d20201028$qUk$c0.9010
=852  4\$aBritish Library$bHMNTS$cDRT$jDigital Store 11601.ee.32.(3.)
=985  \\$aUpgraded by BSS-generated file for WR1910-0531
=985  \\$aUpgraded by BSS-generated file for WR2011-1472
=CAT  \\$aBATCH-MSDN$b00$c20080506$lBLL01$h2050
=CAT  \\$aBATCH$b00$c20080506$lBLL01$h2053
=CAT  \\$a12179$b40$c20080508$lBLL01$h0901
=CAT  \\$aBATCH-UPD$b40$c20100501$lBLL01$h0016
=CAT  \\$aWR13.117$c20130720$lBLL01$h1900
=CAT  \\$aWR14.046$c20140417$lBLL01$h1707
=CAT  \\$aWR13.144/5$c20140418$lBLL01$h0949
=CAT  \\$aBATCH-DCW$b00$c20160618$lBLL01$h0207
=CAT  \\$aBATCH-DCW$b00$c20160710$lBLL01$h1005
=CAT  \\$aWR14_057$b00$c20170504$lBLL01$h1839
=CAT  \\$aBATCH-DCW$c20170927$lBLL01$h0826
=CAT  \\$aBATCH-DCW$c20170928$lBLL01$h1313
=CAT  \\$aBATCH-DCW$c20170928$lBLL01$h1323
=CAT  \\$aBATCH-DCW$b40$c20171003$lBLL01$h1810
=CAT  \\$a1805-0738$c20181228$lBLL01$h1815
=CAT  \\$a1805-0738$b00$c20181228$lBLL01$h1903
=CAT  \\$aW1910-0531$b00$c20191108$lBLL01$h1809
=CAT  \\$aW2011-1472$b00$c20201127$lBLL01$h1823
=FIN  \\$aY$d20080506
=LKR  \\$aPAR$lBLL01$r776$b002919631$mA Pindarique Ode describing the Excellency of True Virtue, with reflexions on the "Satyr against Virtue." [By John Oldham.]$nA Pindarique Ode describing the Excellency of True Virtue, with reflexions on the "Satyr against Virtue." [By John Oldham.]
=DGM  \\$a002919631$bCatBridge variable field
=DRT  \\$aGOOGLEBOOKS
=DRT  \\$aMSD
=SRC  \\$aGOOGLEBOOKS$bGoogleBooks_20160617
=SRC  \\$aMSD$bMSBooks_20160709
=SRC  \\$aMSD$bmsdig_000031
=LAS  \\$aW2011-1472$b00$c20201127$lBLL01$h1823

