=LDR  02545 am a22006253  4500
=001  014608266
=003  Uk
=005  20191108180959.0
=007  cr\mn\024mpadp
=007  cr\mn\024mpada
=008  900612|1661||||enk\\\\|s\\\\\|||\||eng\\
=FMT  \\$a  BK
=040  \\$aUk$cUk
=100  1\$aThomas, John,$crhymester.
=245  10$aA Prophetical Love-Song by one of the Sons of Zion ... in his travel towards the Holy Land through the Wilderness, etc.$h[electronic resource]
=264  \1$aLondon :$bPrinted for the Author,$c1661.
=300  \\$a20 pages ;$c(4º)
=336  \\$atext$2rdacontent
=337  \\$acomputer$2rdamedia
=338  \\$aonline resource$2rdacarrier
=340  \\$m4to$2rdabf
=500  \\$aThe last four pages are misnumbered.
=856  41$uhttp://books.google.com/books?vid=BL:A0021282388$yGoogle_Books
=859  \\$aXLD$bGOOGLEBOOKS
=859  \\$aXLD$bMS Digitised
=859  \\$aXLD$bMSD
=852  4\$aBritish Library$bHMNTS$cDRT$jDigital Store 11601.ee.32.(1.)
=985  \\$aUpgraded by BSS-generated file for WR1910-0531
=CAT  \\$aBATCH-MSDN$b00$c20080506$lBLL01$h2050
=CAT  \\$aBATCH$b00$c20080506$lBLL01$h2053
=CAT  \\$aBATCH-UPD$b00$c20100501$lBLL01$h0016
=CAT  \\$aBATCH-UPD$b00$c20120804$lBLL01$h0229
=CAT  \\$aWR13.117$c20130720$lBLL01$h1900
=CAT  \\$aWR14.046$c20140417$lBLL01$h1707
=CAT  \\$aWR13.144/5$c20140418$lBLL01$h0949
=CAT  \\$aBATCH-DCW$b00$c20160618$lBLL01$h0207
=CAT  \\$aBATCH-DCW$b00$c20160710$lBLL01$h1005
=CAT  \\$aWR14_057$b00$c20170504$lBLL01$h1839
=CAT  \\$aBATCH-DCW$c20170927$lBLL01$h0826
=CAT  \\$aBATCH-DCW$c20170928$lBLL01$h1313
=CAT  \\$aBATCH-DCW$c20170928$lBLL01$h1323
=CAT  \\$aBATCH-DCW$b40$c20171003$lBLL01$h1810
=CAT  \\$aW1807-0595$c20180717$lBLL01$h1728
=CAT  \\$a1805-0738$c20181228$lBLL01$h1815
=CAT  \\$a1805-0738$b00$c20181228$lBLL01$h1903
=CAT  \\$aW1910-0531$b00$c20191108$lBLL01$h1809
=FIN  \\$aY$d20080506
=LKR  \\$aPAR$lBLL01$r776$b003619088$mA Prophetical Love-Song by one of the Sons of Zion ... in his travel towards the Holy Land through the Wilderness, etc.$nA Prophetical Love-Song by one of the Sons of Zion ... in his travel towards the Holy Land through the Wilderness, etc.
=DGM  \\$a003619088$bCatBridge variable field
=DRT  \\$aGOOGLEBOOKS
=DRT  \\$aMSD
=SRC  \\$aGOOGLEBOOKS$bGoogleBooks_20160617
=SRC  \\$aMSD$bMSBooks_20160709
=SRC  \\$aMSD$bmsdig_000031
=LAS  \\$aW1910-0531$b00$c20191108$lBLL01$h1809

