=LDR  02202 am a22005893  4500
=001  014608305
=003  Uk
=005  20191108181000.0
=007  cr\mn\024mpadp
=007  cr\mn\024mpada
=008  880301|1662||||enk\\\\|s\\\\||||\||eng\\
=FMT  \\$a  BK
=040  \\$aUk$cUk
=245  14$aThe Chimneys Scuffle. [A satire, in verse. By Richard Brathwait?]$h[electronic resource]
=264  \1$aLondon,$c1662.
=300  \\$a16 pages ;$c(4º)
=336  \\$atext$2rdacontent
=337  \\$acomputer$2rdamedia
=338  \\$aonline resource$2rdacarrier
=340  \\$m4to$2rdabf
=700  1\$aBrathwaite, Richard,$d1588?-1673.
=720  \\$aCHIMNEY
=886  2\$2blmarc$a709$b00$aBRATHWAIT$hRichard$p1077.h.34.$x0411970054
=859  \\$aXLD$bGOOGLEBOOKS
=859  \\$aXLD$bMS Digitised
=859  \\$aXLD$bMSD
=856  41$uhttp://books.google.com/books?vid=BL:A0021163386$yGoogle_Books
=852  4\$cDRT$jDigital Store 1077.h.34.$aBritish Library$bHMNTS
=985  \\$aUpgraded by BSS-generated file for WR1910-0531
=CAT  \\$aBATCH-MSDN$b00$c20080506$lBLL01$h2107
=CAT  \\$aBATCH$b00$c20080506$lBLL01$h2110
=CAT  \\$a12179$b40$c20080513$lBLL01$h0843
=CAT  \\$aBATCH-UPD$b40$c20100501$lBLL01$h0016
=CAT  \\$aWR13.117$c20130720$lBLL01$h1900
=CAT  \\$aWR14.046$c20140417$lBLL01$h1707
=CAT  \\$aWR13.144/5$c20140418$lBLL01$h0949
=CAT  \\$aBATCH-DCW$b00$c20160511$lBLL01$h0217
=CAT  \\$aBATCH-DCW$b00$c20160710$lBLL01$h1005
=CAT  \\$aWR14_057$b00$c20170504$lBLL01$h1839
=CAT  \\$aW1807-0595$c20180717$lBLL01$h1728
=CAT  \\$a1805-0738$c20181228$lBLL01$h1815
=CAT  \\$a1805-0738$b00$c20181228$lBLL01$h1903
=CAT  \\$aW1910-0531$b00$c20191108$lBLL01$h1810
=FIN  \\$aY$d20080506
=LKR  \\$aPAR$lBLL01$r776$b000686807$mThe Chimneys Scuffle. [A satire, in verse. By Richard Brathwait?]$nThe Chimneys Scuffle. [A satire, in verse. By Richard Brathwait?]
=DGM  \\$a000686807$bCatBridge variable field
=DRT  \\$aGOOGLEBOOKS
=DRT  \\$aMSD
=SRC  \\$aGOOGLEBOOKS$bGoogleBooks_20160510
=SRC  \\$aMSD$bMSBooks_20160709
=SRC  \\$aMSD$bmsdig_000032
=LAS  \\$aW1910-0531$b00$c20191108$lBLL01$h1810

