=LDR  03046 am a22006733  4500
=001  014608315
=003  Uk
=005  20191108181000.0
=007  cr\mn\024mpadp
=007  cr\mn\024mpada
=008  920512|1684||||enk\\\\|s\\\\\|||\||eng\\
=FMT  \\$a  BK
=040  \\$aUk$cUk
=100  1\$aDILLON, Wentworth,$cEarl of Roscommon.
=240  10$aSingle Works
=245  10$aAn Essay on Translated Verse. [In verse. With laudatory verses byJohn Dryden and others.]$h[electronic resource]
=264  \1$aLondon :$bJacob Tonson,$c1684.
=300  \\$a24 pages ;$c(4º)
=336  \\$atext$2rdacontent
=337  \\$acomputer$2rdamedia
=338  \\$aonline resource$2rdacarrier
=340  \\$m4to$2rdabf
=500  \\$aWith verses headed "To the Earl of Roscomon, on his excellent Essay on translated verse", signed: John Dryden.
=700  1\$aDryden, John,$d1631-1700.$tWorks edited or adapted by Dryden, or containing prologues, epilogues, or other contributions by him.
=775  0\$t[An Essay on Translated Verse. [In verse. With laudatory verses byJohn Dryden and others.]]$w(Uk)MP1.0000989377.1$dpp. 24. Jacob Tonson: London, 1685. 4º.
=886  2\$2blmarc$a709$b00$aDRYDEN$hJohn$tWorks edited or adapted by Dryden, or containing prologues, epilogues, or other contributions by him$p1077.h.9.$x087381018X
=856  41$uhttp://books.google.com/books?vid=BL:A0021163382$yGoogle_Books
=859  \\$aXLD$bGOOGLEBOOKS
=859  \\$aXLD$bMS Digitised
=859  \\$aXLD$bMSD
=852  4\$cDRT$jDigital Store 1077.h.9.$aBritish Library$bHMNTS
=985  \\$aUpgraded by BSS-generated file for WR1910-0531
=CAT  \\$aBATCH-MSDN$b00$c20080506$lBLL01$h2107
=CAT  \\$aBATCH-UPD$b00$c20080506$lBLL01$h2107
=CAT  \\$aBATCH$b00$c20080506$lBLL01$h2110
=CAT  \\$aBATCH-UPD$b00$c20100501$lBLL01$h0016
=CAT  \\$aWR13.117$c20130720$lBLL01$h1900
=CAT  \\$aWR14.046$c20140417$lBLL01$h1707
=CAT  \\$aWR13.144/5$c20140418$lBLL01$h0949
=CAT  \\$aBATCH-DCW$b00$c20160511$lBLL01$h0217
=CAT  \\$aBATCH-DCW$b00$c20160710$lBLL01$h1005
=CAT  \\$aWR14_057$b00$c20170504$lBLL01$h1839
=CAT  \\$aBATCH-DCW$c20170927$lBLL01$h0826
=CAT  \\$aBATCH-DCW$c20170928$lBLL01$h1313
=CAT  \\$aBATCH-DCW$c20170928$lBLL01$h1323
=CAT  \\$aBATCH-DCW$b40$c20171003$lBLL01$h1811
=CAT  \\$aW1807-0595$c20180717$lBLL01$h1728
=CAT  \\$a1805-0738$c20181228$lBLL01$h1815
=CAT  \\$a1805-0738$b00$c20181228$lBLL01$h1903
=CAT  \\$aW1910-0531$b00$c20191108$lBLL01$h1810
=FIN  \\$aY$d20080506
=LKR  \\$aPAR$lBLL01$r776$b000940254$mAn Essay on Translated Verse. [In verse. With laudatory verses byJohn Dryden and others.]$nAn Essay on Translated Verse. [In verse. With laudatory verses byJohn Dryden and others.]
=DGM  \\$a000940254$bCatBridge variable field
=DRT  \\$aGOOGLEBOOKS
=DRT  \\$aMSD
=SRC  \\$aGOOGLEBOOKS$bGoogleBooks_20160510
=SRC  \\$aMSD$bMSBooks_20160709
=SRC  \\$aMSD$bmsdig_000032
=LAS  \\$aW1910-0531$b00$c20191108$lBLL01$h1810

