=LDR  02319 am a22006013  4500
=001  014608320
=003  Uk
=005  20191108181000.0
=007  cr\mn\024mpadp
=007  cr\mn\024mpada
=008  880815|1635||||enk\\\\|s\\\\||||\||eng\\
=FMT  \\$a  BK
=040  \\$aUk$cUk
=245  14$aThe Argument of the Pastorall of Florimene: with the Description of the Scenes and Intermedij.$h[electronic resource]
=264  \1$aLondon :$bT. Walkley,$c1635.
=300  \\$c(4º)
=336  \\$atext$2rdacontent
=337  \\$acomputer$2rdamedia
=338  \\$aonline resource$2rdacarrier
=340  \\$m4to$2rdabf
=500  \\$aThe titlepage is slightly mutilated.
=720  \\$aFLORIMENE
=856  41$uhttp://books.google.co.uk/books?vid=BL:A0020150457$yGoogle_Books
=859  \\$aXLD$bMS Digitised
=859  \\$aXLD$bMSD
=859  \\$aXLD$bGOOGLEBOOKS
=852  4\$aBritish Library$bHMNTS$cDRT$jDigital Store 644.b.33.
=985  \\$aUpgraded by BSS-generated file for WR1910-0531
=CAT  \\$aBATCH-MSDN$b00$c20080506$lBLL01$h2107
=CAT  \\$aBATCH$b00$c20080506$lBLL01$h2110
=CAT  \\$aBATCH-UPD$b00$c20100501$lBLL01$h0016
=CAT  \\$aWR13.117$c20130720$lBLL01$h1900
=CAT  \\$aWR14.046$c20140417$lBLL01$h1707
=CAT  \\$aWR13.144/5$c20140418$lBLL01$h0949
=CAT  \\$aBATCH-DCW$b00$c20150917$lBLL01$h0211
=CAT  \\$aWR14_057$b00$c20151129$lBLL01$h1957
=CAT  \\$aBATCH-FIX$c20160124$lBLL01$h1228
=CAT  \\$aBATCH-FIX$c20160125$lBLL01$h1512
=CAT  \\$aBATCH-DCW$b00$c20160710$lBLL01$h1005
=CAT  \\$aBATCH-DCW$c20160713$lBLL01$h1618
=CAT  \\$aW1807-0595$c20180717$lBLL01$h1728
=CAT  \\$a1805-0738$c20181228$lBLL01$h1815
=CAT  \\$a1805-0738$b00$c20181228$lBLL01$h1903
=CAT  \\$aW1910-0531$b00$c20191108$lBLL01$h1810
=FIN  \\$aY$d20080506
=LKR  \\$aPAR$lBLL01$r776$b001257746$mThe Argument of the Pastorall of Florimene: with the Description of the Scenes and Intermedij.$nThe Argument of the Pastorall of Florimene: with the Description of the Scenes and Intermedij.
=DGM  \\$a001257746$bCatBridge variable field
=DRT  \\$aMSD
=DRT  \\$aGOOGLEBOOKS
=SRC  \\$aGOOGLEBOOKS$bGoogleBooks_20150916
=SRC  \\$aMSD$bMSBooks_20160709
=SRC  \\$aMSD$bmsdig_000032
=LAS  \\$aW1910-0531$b00$c20191108$lBLL01$h1810

