=LDR  02286 am a22006013  4500
=001  014608367
=003  Uk
=005  20191108181001.0
=007  cr\mn\024mpadp
=007  cr\mn\024mpada
=008  891121|1697||||enk\\\\|s\\\\\|||\||eng\\
=FMT  \\$a  BK
=040  \\$aUk$cUk
=100  1\$aPope, Walter,$d-1714.
=245  10$a[Dr. Pope's Wish. The only correct ... copy, etc.]$h[electronic resource]
=250  \\$a[Another edition.] The Wish. [With copious notes.]
=264  \1$aLondon,$c1697.
=300  \\$a26 pages ;$c(4º)
=336  \\$atext$2rdacontent
=337  \\$acomputer$2rdamedia
=338  \\$aonline resource$2rdacarrier
=340  \\$m4to$2rdabf
=787  0\$tDr. Pope's Wish. The only correct ... copy, etc.$w(Uk)MP1.0003148723$dpp. 2. T. Horne: London, 1693. fol.
=859  \\$aXLD$bGOOGLEBOOKS
=859  \\$aXLD$bMS Digitised
=859  \\$aXLD$bMSD
=856  41$uhttp://books.google.com/books?vid=BL:A0021163397$yGoogle_Books
=852  4\$cDRT$jDigital Store 1077.h.53.$aBritish Library$bHMNTS
=985  \\$aUpgraded by BSS-generated file for WR1910-0531
=CAT  \\$aBATCH-MSDN$b00$c20080506$lBLL01$h2107
=CAT  \\$aBATCH$b00$c20080506$lBLL01$h2110
=CAT  \\$a12179$b40$c20090811$lBLL01$h1131
=CAT  \\$aBATCH-UPD$b40$c20100501$lBLL01$h0016
=CAT  \\$aWR13_070$b00$c20130504$lBLL01$h0302
=CAT  \\$aWR13.117$c20130720$lBLL01$h1900
=CAT  \\$aWR14.046$c20140417$lBLL01$h1707
=CAT  \\$aWR13.144/5$c20140418$lBLL01$h0949
=CAT  \\$aBATCH-DCW$b00$c20160511$lBLL01$h0217
=CAT  \\$aBATCH-DCW$b00$c20160710$lBLL01$h1005
=CAT  \\$aWR14_057$b00$c20170504$lBLL01$h1839
=CAT  \\$aW1807-0595$c20180717$lBLL01$h1728
=CAT  \\$a1805-0738$c20181228$lBLL01$h1815
=CAT  \\$a1805-0738$b00$c20181228$lBLL01$h1903
=CAT  \\$aW1910-0531$b00$c20191108$lBLL01$h1810
=FIN  \\$aY$d20080506
=LKR  \\$aPAR$lBLL01$r776$b002958129$m[Dr. Pope's Wish. The only correct ... copy, etc.]$n[Dr. Pope's Wish. The only correct ... copy, etc.]
=DGM  \\$a002958129$bCatBridge variable field
=DRT  \\$aGOOGLEBOOKS
=DRT  \\$aMSD
=SRC  \\$aGOOGLEBOOKS$bGoogleBooks_20160510
=SRC  \\$aMSD$bMSBooks_20160709
=SRC  \\$aMSD$bmsdig_000032
=LAS  \\$aW1910-0531$b00$c20191108$lBLL01$h1810

