=LDR  02912cam a22006613  4500
=001  014608373
=003  Uk
=005  20220615170734.0
=007  cr\mn\024mpadp
=007  cr\mn\024mpada
=008  950403|1682||||enk\\\\|s\\\\||||\||eng\\
=FMT  \\$a  BK
=040  \\$aUk$cUk
=245  10$a[Satyr to his Muse. By the author of Absalom & Achitophel. [A skit on Dryden. By Thomas Shadwell?]]$h[electronic resource]
=264  \1$aLondon :$bFor T. W,$c1682.
=300  \\$a18 pages ;$c(4º)
=336  \\$atext$2rdacontent
=337  \\$acomputer$2rdamedia
=338  \\$aonline resource$2rdacarrier
=340  \\$m4to$2rdabf
=700  1\$aDryden, John,$d1631-1700.$tDoubtful or Supposititious Works.
=700  1\$aShadwell, Thomas,$d1642?-1692.
=720  \\$aSATIRE
=787  0\$tSatyr to his Muse. By the author of Absalom & Achitophel. [A skit on Dryden. By Thomas Shadwell?]$w(Uk)MP1.0003474221$dpp. 18. For D. Green: London, 1682. 4º.
=886  2\$2blmarc$a709$b00$aDRYDEN$hJohn$tDoubtful or Supposititious Works$p1077.h.8.$pAshley3176.$p1077.i.15.(5.)$x087385005X
=886  2\$2blmarc$a709$b00$aSHADWELL$hThomas$fPoet Laureate$p1077.h.8.$p1077.i.15.(5.)$x299178007X
=859  \\$aXLD$bGOOGLEBOOKS
=859  \\$aXLD$bMS Digitised
=859  \\$aXLD$bMSD
=856  41$uhttp://books.google.com/books?vid=BL:A0021163381$yGoogle_Books
=852  4\$aBritish Library$bHMNTS$cDRT$jDigital Store 1077.h.8.
=985  \\$aUpgraded by BSS-generated file for WR1910-0531
=985  \\$aCorrected by MS generated file for WR# 2206-0922 (250 field removed)
=CAT  \\$aBATCH-MSDN$b00$c20080506$lBLL01$h2107
=CAT  \\$aBATCH-UPD$b00$c20080506$lBLL01$h2110
=CAT  \\$aBATCH$b00$c20080506$lBLL01$h2110
=CAT  \\$a12179$b40$c20080508$lBLL01$h1158
=CAT  \\$aBATCH-UPD$b40$c20100501$lBLL01$h0016
=CAT  \\$aWR13.117$c20130720$lBLL01$h1900
=CAT  \\$aWR14.046$c20140417$lBLL01$h1707
=CAT  \\$aWR13.144/5$c20140418$lBLL01$h0949
=CAT  \\$aBATCH-DCW$b00$c20160511$lBLL01$h0217
=CAT  \\$aBATCH-DCW$b00$c20160710$lBLL01$h1005
=CAT  \\$aWR14_057$b00$c20170504$lBLL01$h1839
=CAT  \\$aW1807-0595$c20180717$lBLL01$h1728
=CAT  \\$a1805-0738$c20181228$lBLL01$h1815
=CAT  \\$a1805-0738$b00$c20181228$lBLL01$h1903
=CAT  \\$aW1910-0531$b00$c20191108$lBLL01$h1810
=CAT  \\$aW2206-0922$c20220615$lBLL01$h1707
=FIN  \\$aY$d20080506
=LKR  \\$aPAR$lBLL01$r776$b003255413$m[Satyr to his Muse. By the author of Absalom & Achitophel. [A skit on Dryden. By Thomas Shadwell?]]$n[Satyr to his Muse. By the author of Absalom & Achitophel. [A skit on Dryden. By Thomas Shadwell?]]
=DGM  \\$a003255413$bCatBridge variable field
=DRT  \\$aGOOGLEBOOKS
=DRT  \\$aMSD
=SRC  \\$aGOOGLEBOOKS$bGoogleBooks_20160510
=SRC  \\$aMSD$bMSBooks_20160709
=SRC  \\$aMSD$bmsdig_000032
=LAS  \\$aW2206-0922$b00$c20220615$lBLL01$h1707

