=LDR  02286 am a22005653  4500
=001  014608424
=003  Uk
=005  20080506212123.0
=007  cr\mn\024mpadp
=007  cr\mn\024mpada
=008  880412|1665|||||||\\\\|s\\\\||||\||eng\\
=FMT  \\$a  BK
=040  \\$aUk$cUk
=100  0\$aCharles$bII,$cKing of England,$d1630-1685.
=240  10$aAppendix. Biography. I. General
=245  10$aBellum Belgicum secundum, or, a Poem attempting something on his Majesties proceedings against the Dutch.$h[electronic resource]
=264  \1$aCambridge :$bPrinted by J. Field; sold by Robert Nicholson,$c1665.
=300  \\$a10 pages ;$c(4º)
=336  \\$atext$2rdacontent
=337  \\$acomputer$2rdamedia
=338  \\$aonline resource$2rdacarrier
=340  \\$m4to$2rdabf
=859  \\$aXLD$bGOOGLEBOOKS
=859  \\$aXLD$bMS Digitised
=859  \\$aXLD$bMSD
=856  41$uhttp://books.google.com/books?vid=BL:A0021163415$yGoogle_Books
=852  4\$aBritish Library$bHMNTS$cDRT$jDigital Store 1077.k.29.(1.)
=985  \\$aCorrected by MS generated file for WR# 1805-0738
=CAT  \\$aBATCH-MSDN$b00$c20080506$lBLL01$h2121
=CAT  \\$aBATCH$b00$c20080506$lBLL01$h2124
=CAT  \\$aBATCH-UPD$b00$c20100501$lBLL01$h0016
=CAT  \\$aWR13.117$c20130720$lBLL01$h1900
=CAT  \\$aWR14.046$c20140417$lBLL01$h1707
=CAT  \\$aWR13.144/5$c20140418$lBLL01$h0949
=CAT  \\$aBATCH-UPD$b00$c20160301$lBLL01$h1716
=CAT  \\$aBATCH-DCW$b00$c20160512$lBLL01$h0207
=CAT  \\$aBATCH-DCW$b00$c20160710$lBLL01$h1005
=CAT  \\$aWR14_057$b00$c20170504$lBLL01$h1839
=CAT  \\$aW1807-0595$c20180717$lBLL01$h1728
=CAT  \\$a1805-0738$c20181228$lBLL01$h1815
=CAT  \\$a1805-0738$b00$c20181228$lBLL01$h1903
=FIN  \\$aY$d20080506
=LKR  \\$aPAR$lBLL01$r776$b000665415$mBellum Belgicum secundum, or, a Poem attempting something on his Majesties proceedings against the Dutch.$nBellum Belgicum secundum, or, a Poem attempting something on his Majesties proceedings against the Dutch.
=DGM  \\$a000665415$bCatBridge variable field
=DRT  \\$aGOOGLEBOOKS
=DRT  \\$aMSD
=SRC  \\$aGOOGLEBOOKS$bGoogleBooks_20160511
=SRC  \\$aMSD$bMSBooks_20160709
=SRC  \\$aMSD$bmsdig_000033
=LAS  \\$a1805-0738$b00$c20181228$lBLL01$h1903

