=LDR  02991 am a22006253  4500
=001  014608480
=003  Uk
=005  20200304144615.0
=007  cr\mn\024mpadp
=007  cr\mn\024mpada
=008  890908|1661||||enk\\\\|s\\\\\|||\||eng\\
=FMT  \\$a  BK
=040  \\$aUk$beng$cUk
=100  1\$aP., J.,$cCantabr.
=245  10$aῬαψῳδιων εὐταξια, or select poems: being a compendious and methodical remonstrance of such passages in England as have been most remarkable as well before as since his Majesties ... restauration. By J. P., Cantabr.$h[electronic resource]
=264  \1$aLondon,$c1661.
=300  \\$c(4º)
=336  \\$atext$2rdacontent
=337  \\$acomputer$2rdamedia
=338  \\$aonline resource$2rdacarrier
=340  \\$m4to$2rdabf
=655  \7$aPoetry$2fast$0(OCoLC)fst01423828
=700  0\$aCharles$bII,$cKing of England,$d1630-1685.$tAppendix. Miscellaneous.
=886  2\$2blmarc$a709$b00$aCHARLES II., King of Great Britain and Ireland$tAppendix$tMiscellaneous$p1077.i.28.$x0591660075
=856  41$uhttp://books.google.com/books?vid=BL:A0021163407$yGoogle_Books
=859  \\$aXLD$bGOOGLEBOOKS
=859  \\$aXLD$bMS Digitised
=859  \\$aXLD$bMSD
=852  4\$cDRT$jDigital Store 1077.i.28.$aBritish Library$bHMNTS
=985  \\$aEnhanced during collaborative project with UCL (course BASC0033). 2019-20.
=985  \\$aUpgraded by BSS-generated file for WR1910-0531
=CAT  \\$aBATCH-MSDN$b00$c20080506$lBLL01$h2121
=CAT  \\$aBATCH$b00$c20080506$lBLL01$h2124
=CAT  \\$aBATCH-UPD$b00$c20100501$lBLL01$h0016
=CAT  \\$aWR13.117$c20130720$lBLL01$h1900
=CAT  \\$aWR14.046$c20140417$lBLL01$h1707
=CAT  \\$aWR13.144/5$c20140418$lBLL01$h0949
=CAT  \\$aBATCH-UPD$b00$c20160301$lBLL01$h1716
=CAT  \\$aBATCH-DCW$b00$c20160710$lBLL01$h1005
=CAT  \\$aWR14_057$b00$c20170504$lBLL01$h1839
=CAT  \\$aW1807-0595$c20180717$lBLL01$h1728
=CAT  \\$aBATCH-DCW$b00$c20181205$lBLL01$h0205
=CAT  \\$a1805-0738$c20190121$lBLL01$h1741
=CAT  \\$a1805-0738$b00$c20190121$lBLL01$h1744
=CAT  \\$aW1910-0531$b00$c20191108$lBLL01$h1810
=CAT  \\$a14185$b40$c20200304$lBLL01$h1446
=FIN  \\$aY$d20080506
=LKR  \\$aPAR$lBLL01$r776$b002742599$mῬαψῳδιων εὐταξια, or select poems: being a compendious and methodical remonstrance of such passages in England as have been most remarkable as well before as since his Majesties ... restauration. By J. P., Cantabr.$nῬαψῳδιων εὐταξια, or select poems: being a compendious and methodical remonstrance of such passages in England as have been most remarkable as well before as since his Majesties ... restauration. By J. P., Cantabr.
=DGM  \\$a002742599$bCatBridge variable field
=DRT  \\$aGOOGLEBOOKS
=DRT  \\$aMSD
=SRC  \\$aGOOGLEBOOKS$bGoogleBooks_20181204
=SRC  \\$aMSD$bMSBooks_20160709
=SRC  \\$aMSD$bmsdig_000033
=LAS  \\$a14185$b40$c20200304$lBLL01$h1446

