=LDR  02308 am a22005533  4500
=001  014608516
=003  Uk
=005  20191108181003.0
=007  cr\mn\024mpadp
=007  cr\mn\024mpada
=008  900829|1682||||enk\\\\|s\\\\||||\||eng\\
=FMT  \\$a  BK
=040  \\$aUk$cUk
=245  10$aHorns make Room for the Bucks with green bowes. [A satirical Poem "on the splendid entertainment of the London-Prentices and Lords at Merchant-Taylors-Hall."]$h[electronic resource]
=264  \1$aLondon,$c1682.
=300  \\$c(4º)
=336  \\$atext$2rdacontent
=337  \\$acomputer$2rdamedia
=338  \\$aonline resource$2rdacarrier
=340  \\$m4to$2rdabf
=720  \\$aWAR HORNS
=859  \\$aXLD$bGOOGLEBOOKS
=859  \\$aXLD$bMS Digitised
=859  \\$aXLD$bMSD
=856  41$uhttp://books.google.com/books?vid=BL:A0021163385$yGoogle_Books
=852  4\$cDRT$jDigital Store 1077.h.33.$aBritish Library$bHMNTS
=985  \\$aUpgraded by BSS-generated file for WR1910-0531
=CAT  \\$aBATCH-MSDN$b00$c20080506$lBLL01$h2121
=CAT  \\$aBATCH$b00$c20080506$lBLL01$h2124
=CAT  \\$aBATCH-UPD$b00$c20100501$lBLL01$h0016
=CAT  \\$aWR13.117$c20130720$lBLL01$h1900
=CAT  \\$aWR14.046$c20140417$lBLL01$h1707
=CAT  \\$aWR13.144/5$c20140418$lBLL01$h0949
=CAT  \\$aBATCH-DCW$b00$c20160511$lBLL01$h0217
=CAT  \\$aBATCH-DCW$b00$c20160710$lBLL01$h1005
=CAT  \\$aWR14_057$b00$c20170504$lBLL01$h1839
=CAT  \\$aW1807-0595$c20180717$lBLL01$h1728
=CAT  \\$a1805-0738$c20181228$lBLL01$h1815
=CAT  \\$a1805-0738$b00$c20181228$lBLL01$h1903
=CAT  \\$aW1910-0531$b00$c20191108$lBLL01$h1810
=FIN  \\$aY$d20080506
=LKR  \\$aPAR$lBLL01$r776$b003848067$mHorns make Room for the Bucks with green bowes. [A satirical Poem "on the splendid entertainment of the London-Prentices and Lords at Merchant-Taylors-Hall."]$nHorns make Room for the Bucks with green bowes. [A satirical Poem "on the splendid entertainment of the London-Prentices and Lords at Merchant-Taylors-Hall."]
=DGM  \\$a003848067$bCatBridge variable field
=DRT  \\$aGOOGLEBOOKS
=DRT  \\$aMSD
=SRC  \\$aGOOGLEBOOKS$bGoogleBooks_20160510
=SRC  \\$aMSD$bMSBooks_20160709
=SRC  \\$aMSD$bmsdig_000033
=LAS  \\$aW1910-0531$b00$c20191108$lBLL01$h1810

