=LDR  02700cam a22006613  4500
=001  014608523
=003  Uk
=005  20220413103233.0
=007  cr\mn\024mpadp
=007  cr\mn\024mpada
=008  870813s1676\\\\enk\\\\|s\\\\\|||\||eng\\
=FMT  \\$a  BK
=040  \\$aUk$cUk
=100  1\$aAdams, Mary,$dactive 1652-1676.
=245  12$aA Warning to the inhabitants of England, and London in particular ... By M. A. [i.e. Mary Adams.]$h[electronic resource]
=264  \1$a[London],$c1676.
=300  \\$a7 pages ;$c(8º)
=336  \\$atext$2rdacontent
=337  \\$acomputer$2rdamedia
=338  \\$aonline resource$2rdacarrier
=340  \\$m8vo$2rdabf
=651  \7$aEngland$zLondon.$2fast$0(OCoLC)fst01204271
=710  1\$aEngland.$tAppendix. Miscellaneous
=720  \\$aWARNING
=886  2\$2blmarc$a709$b00$aADAMS$hMary$p11645.bb.42.$x0022200037
=886  2\$2blmarc$a709$b00$aENGLAND$tAppendix$tMiscellaneous$p11645.bb.42.$x100489029X
=886  2\$2blmarc$a709$b00$aWARNING$p11645.bb.42.$x3452350185
=859  \\$aXLD$bGOOGLEBOOKS
=859  \\$aXLD$bMS Digitised
=859  \\$aXLD$bMSD
=856  41$uhttp://books.google.com/books?vid=BL:A0021293425$yGoogle_Books
=852  4\$cDRT$jDigital Store 11645.bb.42.$aBritish Library$bHMNTS
=985  \\$aEnhanced during collaborative project with UCL (course BASC0033). 2021-22.
=985  \\$aCorrected by MS generated file for WR# 1805-0738
=CAT  \\$aBATCH-MSDN$b00$c20080506$lBLL01$h2137
=CAT  \\$aBATCH$b00$c20080506$lBLL01$h2140
=CAT  \\$aBATCH-UPD$b00$c20100501$lBLL01$h0016
=CAT  \\$aBATCH-UPD$b00$c20120115$lBLL01$h0422
=CAT  \\$aWR13.117$c20130720$lBLL01$h1900
=CAT  \\$aWR14.046$c20140417$lBLL01$h1707
=CAT  \\$aWR13.144/5$c20140418$lBLL01$h0949
=CAT  \\$aBATCH-UPD$b00$c20141219$lBLL01$h1335
=CAT  \\$aBATCH-DCW$b00$c20160615$lBLL01$h0208
=CAT  \\$aBATCH-DCW$b00$c20160710$lBLL01$h1005
=CAT  \\$aWR14_057$b00$c20170504$lBLL01$h1839
=CAT  \\$a6550$b40$c20170727$lBLL01$h1404
=CAT  \\$a1805-0738$c20181228$lBLL01$h1815
=CAT  \\$a1805-0738$b00$c20181228$lBLL01$h1903
=CAT  \\$a14185$b40$c20220413$lBLL01$h1032
=FIN  \\$aY$d20080506
=LKR  \\$aPAR$lBLL01$r776$b000000874$mA Warning to the inhabitants of England, and London in particular ... By M. A. [i.e. Mary Adams.]$nA Warning to the inhabitants of England, and London in particular ... By M. A. [i.e. Mary Adams.]
=DGM  \\$a000000874$bCatBridge variable field
=DRT  \\$aGOOGLEBOOKS
=DRT  \\$aMSD
=SRC  \\$aGOOGLEBOOKS$bGoogleBooks_20160614
=SRC  \\$aMSD$bMSBooks_20160709
=SRC  \\$aMSD$bmsdig_000034
=LAS  \\$a14185$b40$c20220413$lBLL01$h1032

