=LDR  02520 am a22005653  4500
=001  014608647
=003  Uk
=005  20191108181004.0
=007  cr\mn\024mpadp
=007  cr\mn\024mpada
=008  880405|1596||||enk\\\\|s\\\\\|||\||eng\\
=FMT  \\$a  BK
=040  \\$aUk$cUk
=100  10$aCotton, Roger.
=245  10$aA Spirituall Song: conteining an Historicall Discourse from the infancie of the world, vntill this present time: setting downe the treacherous practises of the wicked, against the children of God, etc.$h[electronic resource]
=264  \1$aLondon :$bG. Simson & W. White,$c1596.
=300  \\$a18 pages ;$c(4º)
=336  \\$atext$2rdacontent
=337  \\$acomputer$2rdamedia
=338  \\$aonline resource$2rdacarrier
=340  \\$m4to$2rdabf
=859  \\$aXLD$bGOOGLEBOOKS
=859  \\$aXLD$bMS Digitised
=859  \\$aXLD$bMSD
=856  41$uhttp://books.google.com/books?vid=BL:A0021282432$yGoogle_Books
=852  4\$cDRT$jDigital Store 11621.e.12.$aBritish Library$bHMNTS
=985  \\$aUpgraded by BSS-generated file for WR1910-0531
=CAT  \\$aBATCH-MSDN$b00$c20080506$lBLL01$h2147
=CAT  \\$aBATCH$b00$c20080506$lBLL01$h2150
=CAT  \\$aBATCH-UPD$b00$c20100501$lBLL01$h0016
=CAT  \\$aWR13.117$c20130720$lBLL01$h1900
=CAT  \\$aWR14.046$c20140417$lBLL01$h1707
=CAT  \\$aWR13.144/5$c20140418$lBLL01$h0949
=CAT  \\$aBATCH-UPD$b00$c20160301$lBLL01$h1717
=CAT  \\$aBATCH-DCW$b00$c20160616$lBLL01$h0206
=CAT  \\$aBATCH-DCW$b00$c20160710$lBLL01$h1005
=CAT  \\$aWR14_057$b00$c20170504$lBLL01$h1839
=CAT  \\$aW1807-0595$c20180717$lBLL01$h1728
=CAT  \\$a1805-0738$c20181228$lBLL01$h1815
=CAT  \\$a1805-0738$b00$c20181228$lBLL01$h1903
=CAT  \\$aW1910-0531$b00$c20191108$lBLL01$h1810
=FIN  \\$aY$d20080506
=LKR  \\$aPAR$lBLL01$r776$b000797511$mA Spirituall Song: conteining an Historicall Discourse from the infancie of the world, vntill this present time: setting downe the treacherous practises of the wicked, against the children of God, etc.$nA Spirituall Song: conteining an Historicall Discourse from the infancie of the world, vntill this present time: setting downe the treacherous practises of the wicked, against the children of God, etc.
=DGM  \\$a000797511$bCatBridge variable field
=DRT  \\$aGOOGLEBOOKS
=DRT  \\$aMSD
=SRC  \\$aGOOGLEBOOKS$bGoogleBooks_20160615
=SRC  \\$aMSD$bMSBooks_20160709
=SRC  \\$aMSD$bmsdig_000035
=LAS  \\$aW1910-0531$b00$c20191108$lBLL01$h1810

