=LDR  03046 am a22006133  4500
=001  014608768
=003  Uk
=005  20191108181005.0
=007  cr\mn\024mpadp
=007  cr\mn\024mpada
=008  890210|1685||||enk\\\\|s\\\\\|||\||eng\\
=FMT  \\$a  BK
=040  \\$aUk$cUk
=100  1\$aL., T. R. d.
=245  14$aThe All-Conquering Genius of ... James II, King of England ... display'd in a heroick stanza occasion'd by his happy Accession to the Crown. Whereunto his [sic] annexed a Congratulation to both their Majesties by way of an Ode ... By T. R. d. L.$h[electronic resource]
=264  \1$aLondon :$bPrinted by John Harefinch,$c1685.
=300  \\$a8 pages ;$c(4º)
=336  \\$atext$2rdacontent
=337  \\$acomputer$2rdamedia
=338  \\$aonline resource$2rdacarrier
=340  \\$m4to$2rdabf
=720  \\$aJAMES II., King of Great Britain and Ireland. Appendix. Biography. II. Separate events. Accession. 6 Feb. 1684/5
=886  2\$2blmarc$a709$b00$aJAMES II., King of Great Britain and Ireland$tAppendix$tBiography$tII. Separate events$tAccession. 6 Feb. 1684/5$p1466.g.56.$x1631030272
=856  41$uhttp://books.google.com/books?vid=BL:A0020652611$yGoogle_Books
=859  \\$aXLD$bMS Digitised
=859  \\$aXLD$bMSD
=859  \\$aXLD$bGOOGLEBOOKS
=852  4\$aBritish Library$bHMNTS$cDRT$jDigital Store 1466.g.56.
=985  \\$aUpgraded by BSS-generated file for WR1910-0531
=CAT  \\$aBATCH-MSDN$b00$c20080506$lBLL01$h2158
=CAT  \\$aBATCH$b00$c20080506$lBLL01$h2200
=CAT  \\$aBATCH-UPD$b00$c20100501$lBLL01$h0016
=CAT  \\$aWR13.117$c20130720$lBLL01$h1900
=CAT  \\$aWR14.046$c20140417$lBLL01$h1707
=CAT  \\$aWR13.144/5$c20140418$lBLL01$h0949
=CAT  \\$aBATCH-DCW$b00$c20151209$lBLL01$h0210
=CAT  \\$aBATCH-FIX$c20160124$lBLL01$h1228
=CAT  \\$aBATCH-FIX$c20160125$lBLL01$h1512
=CAT  \\$aWR14_057$b00$c20160502$lBLL01$h1158
=CAT  \\$aBATCH-DCW$b00$c20160710$lBLL01$h1005
=CAT  \\$aBATCH-DCW$c20160713$lBLL01$h1618
=CAT  \\$aW1807-0595$c20180717$lBLL01$h1728
=CAT  \\$a1805-0738$c20181228$lBLL01$h1815
=CAT  \\$a1805-0738$b00$c20181228$lBLL01$h1903
=CAT  \\$aW1910-0531$b00$c20191108$lBLL01$h1810
=FIN  \\$aY$d20080506
=LKR  \\$aPAR$lBLL01$r776$b002041979$mThe All-Conquering Genius of ... James II, King of England ... display'd in a heroick stanza occasion'd by his happy Accession to the Crown. Whereunto his [sic] annexed a Congratulation to both their Majesties by way of an Ode ... By T. R. d. L.$nThe All-Conquering Genius of ... James II, King of England ... display'd in a heroick stanza occasion'd by his happy Accession to the Crown. Whereunto his [sic] annexed a Congratulation to both their Majesties by way of an Ode ... By T. R. d. L.
=DGM  \\$a002041979$bCatBridge variable field
=DRT  \\$aMSD
=DRT  \\$aGOOGLEBOOKS
=SRC  \\$aGOOGLEBOOKS$bGoogleBooks_20151208
=SRC  \\$aMSD$bMSBooks_20160709
=SRC  \\$aMSD$bmsdig_000036
=LAS  \\$aW1910-0531$b00$c20191108$lBLL01$h1810

