=LDR  02716 am a22006253  4500
=001  014610170
=003  Uk
=005  20191108181005.0
=007  cr\mn\024mpadp
=007  cr\mn\024mpada
=008  010117|1687||||enk\\\\|s\\\\||||\||eng\\
=FMT  \\$a  BK
=040  \\$aUk$cUk
=110  1\$aEngland.
=240  10$aHis Majesties gracious Declaration to all his loving subjects for Liberty of Conscience. [4 April, 1687.]
=245  10$aA Pindarick Poem upon His ... Majestie's late gracious Indulgence, in granting a Toleration, and Liberty of Conscience in matters of Religion.$h[electronic resource]
=264  \1$aLondon :$bPrinted for J. S,$c1687.
=300  \\$a8 pages ;$c(4º)
=336  \\$atext$2rdacontent
=337  \\$acomputer$2rdamedia
=338  \\$aonline resource$2rdacarrier
=340  \\$m4to$2rdabf
=710  1\$aEngland.$tProclamations. II. Chronological Series. Charles II. [1660-1685.]. James II. [1685-1688.]
=856  41$uhttp://books.google.com/books?vid=BL:A0021163393$yGoogle_Books
=859  \\$aXLD$bGOOGLEBOOKS
=859  \\$aXLD$bMS Digitised
=859  \\$aXLD$bMSD
=852  4\$cDRT$jDigital Store 1077.h.46.$aBritish Library$bHMNTS
=985  \\$aUpgraded by BSS-generated file for WR1910-0531
=CAT  \\$aBATCH-MSDN$b00$c20080508$lBLL01$h1449
=CAT  \\$aBATCH$b00$c20080508$lBLL01$h1452
=CAT  \\$aBATCH-UPD$b00$c20100501$lBLL01$h0016
=CAT  \\$aWR13.117$c20130720$lBLL01$h1900
=CAT  \\$aWR14.046$c20140417$lBLL01$h1707
=CAT  \\$aWR13.144/5$c20140418$lBLL01$h0949
=CAT  \\$aBATCH-DCW$b00$c20160511$lBLL01$h0217
=CAT  \\$aBATCH-DCW$b00$c20160710$lBLL01$h1005
=CAT  \\$aWR14_057$b00$c20170504$lBLL01$h1839
=CAT  \\$aBATCH-DCW$c20170927$lBLL01$h0826
=CAT  \\$aBATCH-DCW$c20170928$lBLL01$h1313
=CAT  \\$aBATCH-DCW$c20170928$lBLL01$h1323
=CAT  \\$aBATCH-DCW$b40$c20171003$lBLL01$h1811
=CAT  \\$aW1807-0595$c20180717$lBLL01$h1728
=CAT  \\$a1805-0738$c20181228$lBLL01$h1815
=CAT  \\$a1805-0738$b00$c20181228$lBLL01$h1903
=CAT  \\$aW1910-0531$b00$c20191108$lBLL01$h1810
=FIN  \\$aY$d20080508
=LKR  \\$aPAR$lBLL01$r776$b001079198$mA Pindarick Poem upon His ... Majestie's late gracious Indulgence, in granting a Toleration, and Liberty of Conscience in matters of Religion.$nA Pindarick Poem upon His ... Majestie's late gracious Indulgence, in granting a Toleration, and Liberty of Conscience in matters of Religion.
=DGM  \\$a001079198$bCatBridge variable field
=DRT  \\$aGOOGLEBOOKS
=DRT  \\$aMSD
=SRC  \\$aGOOGLEBOOKS$bGoogleBooks_20160510
=SRC  \\$aMSD$bMSBooks_20160709
=SRC  \\$aMSD$bmsdig_000037
=LAS  \\$aW1910-0531$b00$c20191108$lBLL01$h1810

