=LDR  03062 am a22006373  4500
=001  014610171
=003  Uk
=005  20080508144927.0
=007  cr\mn\024mpadp
=007  cr\mn\024mpada
=008  880603|1556|||||||\\\\|s\\\\||||\||eng\\
=FMT  \\$a  BK
=040  \\$aUk$cUk
=110  1\$aEngland.
=240  10$aTreaties, etc.. II. Chronological Series. Philip and Mary. [1554-1558.]
=245  10$aCapitoli della Tregua conclusa ... tra la Maestà del Imperatore, Rè d'Ingilterra suo figlio & ... Rè di Francia, et lor amici, & confederati. [5 Feb. 1556.]$h[electronic resource]
=264  \1$a[Rome] :$bS. da Sabbio,$c[1556]
=300  \\$c(4º)
=336  \\$atext$2rdacontent
=337  \\$acomputer$2rdamedia
=338  \\$aonline resource$2rdacarrier
=340  \\$m4to$2rdabf
=710  1\$aFrance.$tActs of Sovereigns and other Supreme Authorities. Henry II., King. [1547-1559.]
=710  1\$aGermany.$tActs of Sovereigns. Emperors of the Holy Roman Empire, 800-1804. Charles V., Emperor. [1519-1556.]
=886  2\$2blmarc$a709$b00$aFRANCE$tActs of Sovereigns and other Supreme Authorities$tHenry II., King. [1547-1559.]$p1077.g.16.$x1130320200
=886  2\$2blmarc$a709$b00$aGERMANY$tActs of Sovereigns$tEmperors of the Holy Roman Empire, 800-1804$tCharles V., Emperor. [1519-1556.]$p1077.g.16.$x1230390146
=859  \\$aXLD$bGOOGLEBOOKS
=859  \\$aXLD$bMS Digitised
=859  \\$aXLD$bMSD
=856  41$uhttp://books.google.com/books?vid=BL:A0021163372$yGoogle_Books
=852  4\$cDRT$jDigital Store 1077.g.16.$aBritish Library$bHMNTS
=985  \\$aCorrected by MS generated file for WR# 11/211
=985  \\$aCorrected by MS generated file for WR# 1805-0738
=CAT  \\$aBATCH-MSDN$b00$c20080508$lBLL01$h1449
=CAT  \\$aBATCH$b00$c20080508$lBLL01$h1452
=CAT  \\$aBATCH-UPD$b00$c20100501$lBLL01$h0016
=CAT  \\$aWR13.117$c20130720$lBLL01$h1900
=CAT  \\$aWR14.046$c20140417$lBLL01$h1707
=CAT  \\$aWR13.144/5$c20140418$lBLL01$h0949
=CAT  \\$aWR11_211$c20141230$lBLL01$h1736
=CAT  \\$aBLSS-CORR$b00$c20141230$lBLL01$h1742
=CAT  \\$aBATCH-DCW$b00$c20160508$lBLL01$h0209
=CAT  \\$aBATCH-DCW$b00$c20160710$lBLL01$h1005
=CAT  \\$aWR14_057$b00$c20170504$lBLL01$h1839
=CAT  \\$aW1807-0595$c20180717$lBLL01$h1728
=CAT  \\$a1805-0738$c20181228$lBLL01$h1815
=CAT  \\$a1805-0738$b00$c20181228$lBLL01$h1903
=FIN  \\$aY$d20080508
=LKR  \\$aPAR$lBLL01$r776$b001080196$mCapitoli della Tregua conclusa ... tra la Maestà del Imperatore, Rè d'Ingilterra suo figlio & ... Rè di Francia, et lor amici, & confederati. [5 Feb. 1556.]$nCapitoli della Tregua conclusa ... tra la Maestà del Imperatore, Rè d'Ingilterra suo figlio & ... Rè di Francia, et lor amici, & confederati. [5 Feb. 1556.]
=DGM  \\$a001080196$bCatBridge variable field
=DRT  \\$aGOOGLEBOOKS
=DRT  \\$aMSD
=SRC  \\$aGOOGLEBOOKS$bGoogleBooks_20160507
=SRC  \\$aMSD$bMSBooks_20160709
=SRC  \\$aMSD$bmsdig_000037
=LAS  \\$a1805-0738$b00$c20181228$lBLL01$h1903

