=LDR  02395 am a22006133  4500
=001  014610199
=003  Uk
=005  20191108181005.0
=007  cr\mn\024mpadp
=007  cr\mn\024mpada
=008  890802|1700||||enk\\\\|s\\\\\|||\||eng\\
=FMT  \\$a  BK
=040  \\$aUk$cUk
=100  1\$aNEALE, Thomas,$cGroom-Porter to their Majesties.
=245  10$aAn Elegaick Essay upon the Decease of the Groom-Porter [i.e. T. Neale], and the Lotteries.$h[electronic resource]
=264  \1$aLondon :$bFor John Nutt,$c1700.
=300  \\$a8 pages ;$c(folio)
=336  \\$atext$2rdacontent
=337  \\$acomputer$2rdamedia
=338  \\$aonline resource$2rdacarrier
=340  \\$mfolio$2rdabf
=720  \\$aESSAY
=886  2\$2blmarc$a709$b00$aESSAY$p1466.k.24.$x1024790274
=856  41$uhttp://books.google.com/books?vid=BL:A0020652612$yGoogle_Books
=859  \\$aXLD$bMS Digitised
=859  \\$aXLD$bMSD
=859  \\$aXLD$bGOOGLEBOOKS
=852  4\$aBritish Library$bHMNTS$cDRT$jDigital Store 1466.k.24.
=985  \\$aUpgraded by BSS-generated file for WR1910-0531
=CAT  \\$aBATCH-MSDN$b00$c20080508$lBLL01$h1449
=CAT  \\$aBATCH$b00$c20080508$lBLL01$h1452
=CAT  \\$aBATCH-UPD$b00$c20100501$lBLL01$h0016
=CAT  \\$aWR13.117$c20130720$lBLL01$h1900
=CAT  \\$aWR14.046$c20140417$lBLL01$h1707
=CAT  \\$aWR13.144/5$c20140418$lBLL01$h0949
=CAT  \\$aBATCH-DCW$b00$c20151225$lBLL01$h0206
=CAT  \\$aBATCH-FIX$c20160124$lBLL01$h1228
=CAT  \\$aBATCH-FIX$c20160125$lBLL01$h1512
=CAT  \\$aWR14_057$b00$c20160502$lBLL01$h1158
=CAT  \\$aBATCH-DCW$b00$c20160710$lBLL01$h1005
=CAT  \\$aBATCH-DCW$c20160713$lBLL01$h1618
=CAT  \\$aW1807-0595$c20180717$lBLL01$h1728
=CAT  \\$a1805-0738$c20181228$lBLL01$h1815
=CAT  \\$a1805-0738$b00$c20181228$lBLL01$h1903
=CAT  \\$aW1910-0531$b00$c20191108$lBLL01$h1810
=FIN  \\$aY$d20080508
=LKR  \\$aPAR$lBLL01$r776$b002613753$mAn Elegaick Essay upon the Decease of the Groom-Porter [i.e. T. Neale], and the Lotteries.$nAn Elegaick Essay upon the Decease of the Groom-Porter [i.e. T. Neale], and the Lotteries.
=DGM  \\$a002613753$bCatBridge variable field
=DRT  \\$aMSD
=DRT  \\$aGOOGLEBOOKS
=SRC  \\$aGOOGLEBOOKS$bGoogleBooks_20151224
=SRC  \\$aMSD$bMSBooks_20160709
=SRC  \\$aMSD$bmsdig_000037
=LAS  \\$aW1910-0531$b00$c20191108$lBLL01$h1810

