=LDR  02297 am a22006253  4500
=001  014610204
=003  Uk
=005  20191108181006.0
=007  cr\mn\024mpadp
=007  cr\mn\024mpada
=008  890908|1693||||enk\\\\|s\\\\||||\||eng\\
=FMT  \\$a  BK
=040  \\$aUk$cUk
=245  14$aThe Oxford-Act: a poem. [By Alicia D'Anvers.]$h[electronic resource]
=264  \1$aLondon :$bFor Randal Taylor,$c1693.
=300  \\$a22 pages ;$c(4º)
=336  \\$atext$2rdacontent
=337  \\$acomputer$2rdamedia
=338  \\$aonline resource$2rdacarrier
=340  \\$m4to$2rdabf
=700  1\$aD'Anvers, Alicia.
=720  \\$aOXFORD-ACT
=886  2\$2blmarc$a709$b00$aD'ANVERS$hAlicia$p993.l.42.$x0764790218
=856  41$uhttp://books.google.com/books?vid=BL:A0020559469$yGoogle_Books
=859  \\$aXLD$bMS Digitised
=859  \\$aXLD$bMSD
=859  \\$aXLD$bGOOGLEBOOKS
=852  4\$aBritish Library$bHMNTS$cDRT$jDigital Store 993.l.42.
=985  \\$aUpgraded by BSS-generated file for WR1910-0531
=CAT  \\$aBATCH-MSDN$b00$c20080508$lBLL01$h1449
=CAT  \\$aBATCH$b00$c20080508$lBLL01$h1452
=CAT  \\$aBATCH-UPD$b00$c20080707$lBLL01$h0347
=CAT  \\$aBATCH-UPD$b00$c20100501$lBLL01$h0016
=CAT  \\$aWR13.117$c20130720$lBLL01$h1900
=CAT  \\$aWR14.046$c20140417$lBLL01$h1707
=CAT  \\$aWR13.144/5$c20140418$lBLL01$h0949
=CAT  \\$aBATCH-DCW$b00$c20151205$lBLL01$h0219
=CAT  \\$aBATCH-FIX$c20160124$lBLL01$h1228
=CAT  \\$aBATCH-FIX$c20160125$lBLL01$h1512
=CAT  \\$aWR14_057$b00$c20160502$lBLL01$h1157
=CAT  \\$aBATCH-DCW$b00$c20160710$lBLL01$h1005
=CAT  \\$aBATCH-DCW$c20160713$lBLL01$h1618
=CAT  \\$aW1807-0595$c20180717$lBLL01$h1728
=CAT  \\$a1805-0738$c20181228$lBLL01$h1815
=CAT  \\$a1805-0738$b00$c20181228$lBLL01$h1903
=CAT  \\$aW1910-0531$b00$c20191108$lBLL01$h1810
=FIN  \\$aY$d20080508
=LKR  \\$aPAR$lBLL01$r776$b002740463$mThe Oxford-Act: a poem. [By Alicia D'Anvers.]$nThe Oxford-Act: a poem. [By Alicia D'Anvers.]
=DGM  \\$a002740463$bCatBridge variable field
=DRT  \\$aMSD
=DRT  \\$aGOOGLEBOOKS
=SRC  \\$aGOOGLEBOOKS$bGoogleBooks_20151204
=SRC  \\$aMSD$bMSBooks_20160709
=SRC  \\$aMSD$bmsdig_000037
=LAS  \\$aW1910-0531$b00$c20191108$lBLL01$h1810

