=LDR  02692 am a22006613  4500
=001  014610223
=003  Uk
=005  20181107115728.0
=007  cr\mn\024mpadp
=007  cr\mn\024mpada
=008  900522|1687||||enk\\\\|s\\\\||||\||eng\\
=FMT  \\$a  BK
=040  \\$aUk$cUk
=245  00$aTo the Society of the Beaux Esprits. A pindarick poem. By the author of the late Satyr against Woman [i.e. Robert Gould].$h[electronic resource]
=264  \1$aLondon :$bFor J. Knight & F. Saunders,$c1687.
=300  \\$a27 pages ;$c(4º)
=336  \\$atext$2rdacontent
=337  \\$acomputer$2rdamedia
=338  \\$aonline resource$2rdacarrier
=340  \\$m4to$2rdabf
=500  \\$aLeaf B4 is a cancel.
=700  1\$aGould, Robert,$d-1709?.
=720  \\$aSOCIETY
=886  2\$2blmarc$a709$b00$aGOULD$hRobert$p993.l.44.$x1294100025$x1294100025
=856  41$uhttp://books.google.com/books?vid=BL:A0020559470$yGoogle_Books
=859  \\$aXLD$bMS Digitised
=859  \\$aXLD$bMSD
=859  \\$aXLD$bGOOGLEBOOKS
=852  4\$aBritish Library$bHMNTS$cDRT$jDigital Store 993.l.44.
=985  \\$aEnhanced by MS generated file for WR# 12/139
=985  \\$aCorrected by MS generated file for WR# 1805-0738
=CAT  \\$aBATCH-MSDN$b00$c20080508$lBLL01$h1449
=CAT  \\$aBATCH$b00$c20080508$lBLL01$h1452
=CAT  \\$aBATCH-UPD$b00$c20090720$lBLL01$h2045
=CAT  \\$aBATCH-UPD$b00$c20100501$lBLL01$h0016
=CAT  \\$aWR12.139$b00$c20130521$lBLL01$h1737
=CAT  \\$aWR13.117$c20130720$lBLL01$h1900
=CAT  \\$aWR14.046$c20140417$lBLL01$h1707
=CAT  \\$aWR13.144/5$c20140418$lBLL01$h0949
=CAT  \\$aBATCH-DCW$b00$c20151209$lBLL01$h0210
=CAT  \\$aBATCH-FIX$c20160124$lBLL01$h1228
=CAT  \\$aBATCH-FIX$c20160125$lBLL01$h1512
=CAT  \\$aWR14_057$b00$c20160502$lBLL01$h1157
=CAT  \\$aBATCH-DCW$b00$c20160710$lBLL01$h1005
=CAT  \\$aBATCH-DCW$c20160713$lBLL01$h1618
=CAT  \\$aW1807-0595$c20180717$lBLL01$h1728
=CAT  \\$a8962$b40$c20181107$lBLL01$h1157
=CAT  \\$a1805-0738$c20190121$lBLL01$h1741
=CAT  \\$a1805-0738$b00$c20190121$lBLL01$h1744
=FIN  \\$aY$d20080508
=LKR  \\$aPAR$lBLL01$r776$b003431886$mTo the Society of the Beaux Esprits. A pindarick poem. By the author of the late Satyr against Woman [i.e. Robert Gould].$nTo the Society of the Beaux Esprits. A pindarick poem. By the author of the late Satyr against Woman [i.e. Robert Gould].
=DGM  \\$a003431886$bCatBridge variable field
=DRT  \\$aMSD
=DRT  \\$aGOOGLEBOOKS
=SRC  \\$aGOOGLEBOOKS$bGoogleBooks_20151208
=SRC  \\$aMSD$bMSBooks_20160709
=SRC  \\$aMSD$bmsdig_000037
=LAS  \\$a1805-0738$b00$c20190121$lBLL01$h1744

