=LDR  02181 am a22005773  4500
=001  014610227
=003  Uk
=005  20191108181006.0
=007  cr\mn\024mpadp
=007  cr\mn\024mpada
=008  900829|1688||||enk\\\\|s\\\\\|||\||eng\\
=FMT  \\$a  BK
=040  \\$aUk$cUk
=100  1\$aWaller, Edmund,$d1606-1687.
=240  10$aAppendix
=245  10$aPoems to the memory of that imcomparable poet Edmund Waller Esquire ... By several hands.$h[electronic resource]
=264  \1$aLondon,$c1688.
=300  \\$c(4º)
=336  \\$atext$2rdacontent
=337  \\$acomputer$2rdamedia
=338  \\$aonline resource$2rdacarrier
=340  \\$m4to$2rdabf
=856  41$uhttp://books.google.com/books?vid=BL:A0021163395$yGoogle_Books
=859  \\$aXLD$bGOOGLEBOOKS
=859  \\$aXLD$bMS Digitised
=859  \\$aXLD$bMSD
=852  4\$cDRT$jDigital Store 1077.h.49.$aBritish Library$bHMNTS
=985  \\$aUpgraded by BSS-generated file for WR1910-0531
=CAT  \\$aBATCH-MSDN$b00$c20080508$lBLL01$h1449
=CAT  \\$aBATCH$b00$c20080508$lBLL01$h1452
=CAT  \\$aBATCH-UPD$b00$c20100501$lBLL01$h0016
=CAT  \\$a11814$b40$c20130502$lBLL01$h1033
=CAT  \\$aWR13.117$c20130720$lBLL01$h1900
=CAT  \\$aWR14.046$c20140417$lBLL01$h1707
=CAT  \\$aWR13.144/5$c20140418$lBLL01$h0949
=CAT  \\$aBATCH-DCW$b00$c20160710$lBLL01$h1005
=CAT  \\$aWR14_057$b00$c20170504$lBLL01$h1839
=CAT  \\$aW1807-0595$c20180717$lBLL01$h1728
=CAT  \\$aBATCH-DCW$b00$c20181206$lBLL01$h0206
=CAT  \\$a1805-0738$c20190121$lBLL01$h1741
=CAT  \\$a1805-0738$b00$c20190121$lBLL01$h1744
=CAT  \\$aW1910-0531$b00$c20191108$lBLL01$h1810
=FIN  \\$aY$d20080508
=LKR  \\$aPAR$lBLL01$r776$b003840545$mPoems to the memory of that imcomparable poet Edmund Waller Esquire ... By several hands.$nPoems to the memory of that imcomparable poet Edmund Waller Esquire ... By several hands.
=DGM  \\$a003840545$bCatBridge variable field
=DRT  \\$aGOOGLEBOOKS
=DRT  \\$aMSD
=SRC  \\$aGOOGLEBOOKS$bGoogleBooks_20181205
=SRC  \\$aMSD$bMSBooks_20160709
=SRC  \\$aMSD$bmsdig_000037
=LAS  \\$aW1910-0531$b00$c20191108$lBLL01$h1810

