=LDR  02385 am a22006133  4500
=001  014616878
=003  Uk
=005  20191108181009.0
=007  cr\mn\024mpadp
=007  cr\mn\024mpada
=008  890503|1663||||enk\\\\|s\\\\\|||\||eng\\
=FMT  \\$a  BK
=040  \\$aUk$cUk
=100  1\$aM., G.
=245  14$aThe Citizens Complaint for want of Trade, or the Trades-mans Outcry for lack of Money. [In verse.] By G. M.$h[electronic resource]
=264  \1$aLondon,$c1663.
=300  \\$a8 pages ;$c(4º)
=336  \\$atext$2rdacontent
=337  \\$acomputer$2rdamedia
=338  \\$aonline resource$2rdacarrier
=340  \\$m4to$2rdabf
=720  \\$aCITIZEN
=886  2\$2blmarc$a709$b00$aCITIZEN$p991.h.41.$x063013006X
=856  41$uhttp://books.google.com/books?vid=BL:A0020559456$yGoogle_Books
=859  \\$aXLD$bMS Digitised
=859  \\$aXLD$bMSD
=859  \\$aXLD$bGOOGLEBOOKS
=852  4\$aBritish Library$bHMNTS$cDRT$jDigital Store 991.h.41.
=985  \\$aUpgraded by BSS-generated file for WR1910-0531
=CAT  \\$aBATCH-MSDN$b00$c20080515$lBLL01$h0830
=CAT  \\$aBATCH$b00$c20080515$lBLL01$h0842
=CAT  \\$aBATCH-UPD$b00$c20100501$lBLL01$h0017
=CAT  \\$aWR13.117$c20130720$lBLL01$h1901
=CAT  \\$aWR14.046$c20140417$lBLL01$h1707
=CAT  \\$aWR13.144/5$c20140418$lBLL01$h0949
=CAT  \\$aBATCH-DCW$b00$c20151208$lBLL01$h0211
=CAT  \\$aBATCH-FIX$c20160124$lBLL01$h1228
=CAT  \\$aBATCH-FIX$c20160125$lBLL01$h1512
=CAT  \\$aWR14_057$b00$c20160502$lBLL01$h1157
=CAT  \\$aBATCH-DCW$b00$c20160710$lBLL01$h1005
=CAT  \\$aBATCH-DCW$c20160713$lBLL01$h1618
=CAT  \\$aW1807-0595$c20180717$lBLL01$h1728
=CAT  \\$a1805-0738$c20181228$lBLL01$h1816
=CAT  \\$a1805-0738$b00$c20181228$lBLL01$h1903
=CAT  \\$aW1910-0531$b00$c20191108$lBLL01$h1810
=FIN  \\$aY$d20080515
=LKR  \\$aPAR$lBLL01$r776$b002298780$mThe Citizens Complaint for want of Trade, or the Trades-mans Outcry for lack of Money. [In verse.] By G. M.$nThe Citizens Complaint for want of Trade, or the Trades-mans Outcry for lack of Money. [In verse.] By G. M.
=DGM  \\$a002298780$bCatBridge variable field
=DRT  \\$aMSD
=DRT  \\$aGOOGLEBOOKS
=SRC  \\$aGOOGLEBOOKS$bGoogleBooks_20151207
=SRC  \\$aMSD$bMSBooks_20160709
=SRC  \\$aMSD$bmsdig_000038
=LAS  \\$aW1910-0531$b00$c20191108$lBLL01$h1810

