=LDR  02654 am a22006493  4500
=001  014617193
=003  Uk
=005  20191108181011.0
=007  cr\mn\024mpadp
=007  cr\mn\024mpada
=008  900919|1685||||enk\\\\|s\\\\\|||\||eng\\
=FMT  \\$a  BK
=040  \\$aUk$cUk
=100  1\$aWood, Fitz Norris.
=245  10$aOn the Death of His Late Sacred Majesty King Charles II. ... A Pindarique ode.$h[electronic resource]
=264  \1$aLondon :$bGeorge Croom,$c1685.
=300  \\$a8 pages ;$c(folio)
=336  \\$atext$2rdacontent
=337  \\$acomputer$2rdamedia
=338  \\$aonline resource$2rdacarrier
=340  \\$mfolio$2rdabf
=700  0\$aCharles$bII,$cKing of England,$d1630-1685.$tAppendix. Funeral Sermons and Elegies.
=886  2\$2blmarc$a709$b00$aCHARLES II., King of Great Britain and Ireland$tAppendix$tFuneral Sermons and Elegies$p11602.i.23.(1.)$x0591640228
=856  41$uhttp://books.google.com/books?vid=BL:A0021282398$yGoogle_Books
=859  \\$aXLD$bGOOGLEBOOKS
=859  \\$aXLD$bMS Digitised
=859  \\$aXLD$bMSD
=852  4\$aBritish Library$bHMNTS$cDRT$jDigital Store 11602.i.23.(1.)
=985  \\$aUpgraded by BSS-generated file for WR1910-0531
=CAT  \\$aBATCH-MSDN$b00$c20080515$lBLL01$h0830
=CAT  \\$aBATCH$b00$c20080515$lBLL01$h0842
=CAT  \\$aBATCH-UPD$b00$c20080515$lBLL01$h0857
=CAT  \\$aBATCH-UPD$b00$c20100501$lBLL01$h0017
=CAT  \\$aWR13.117$c20130720$lBLL01$h1901
=CAT  \\$aWR14.046$c20140417$lBLL01$h1707
=CAT  \\$aWR13.144/5$c20140418$lBLL01$h0950
=CAT  \\$aBATCH-UPD$b00$c20160301$lBLL01$h1720
=CAT  \\$aBATCH-DCW$b00$c20160614$lBLL01$h0206
=CAT  \\$aBATCH-DCW$b00$c20160710$lBLL01$h1005
=CAT  \\$aWR14_057$b00$c20170504$lBLL01$h1839
=CAT  \\$aBATCH-DCW$c20170927$lBLL01$h0826
=CAT  \\$aBATCH-DCW$c20170928$lBLL01$h1313
=CAT  \\$aBATCH-DCW$c20170928$lBLL01$h1323
=CAT  \\$aBATCH-DCW$b40$c20171003$lBLL01$h1811
=CAT  \\$aW1807-0595$c20180717$lBLL01$h1728
=CAT  \\$a1805-0738$c20181228$lBLL01$h1816
=CAT  \\$a1805-0738$b00$c20181228$lBLL01$h1903
=CAT  \\$aW1910-0531$b00$c20191108$lBLL01$h1810
=FIN  \\$aY$d20080515
=LKR  \\$aPAR$lBLL01$r776$b003968304$mOn the Death of His Late Sacred Majesty King Charles II. ... A Pindarique ode.$nOn the Death of His Late Sacred Majesty King Charles II. ... A Pindarique ode.
=DGM  \\$a003968304$bCatBridge variable field
=DRT  \\$aGOOGLEBOOKS
=DRT  \\$aMSD
=SRC  \\$aGOOGLEBOOKS$bGoogleBooks_20160613
=SRC  \\$aMSD$bMSBooks_20160709
=SRC  \\$aMSD$bmsdig_000038
=LAS  \\$aW1910-0531$b00$c20191108$lBLL01$h1810

