=LDR  02916 am a22006733  4500
=001  014622766
=003  Uk
=005  20201127182413.0
=007  cr\mn\024mpadp
=007  cr\mn\024mpada
=008  880412|1682|||||||\\\\|s\\\\||||\||eng\\
=FMT  \\$a  BK
=040  \\$aUk$cUk
=100  0\$aCharles$bII,$cKing of England,$d1630-1685.
=240  10$aAppendix. Biography. II. Separate Events. 1682
=245  10$aAn Heroick Poem to the King, upon the Arrival of the Morocco and Bantam Embassadors, to His Majesty of Great Britain, in the year 1682.$h[electronic resource]
=264  \1$aCambridge :$bLondon; for Francis Hicks,$c1682.
=300  \\$a8 pages ;$c(folio)
=336  \\$atext$2rdacontent
=337  \\$acomputer$2rdamedia
=338  \\$aonline resource$2rdacarrier
=340  \\$mfolio$2rdabf
=856  41$uhttp://books.google.com/books?vid=BL:A0021282402$yGoogle_Books
=859  \\$aXLD$bGOOGLEBOOKS
=859  \\$aXLD$bMS Digitised
=859  \\$aXLD$bMSD
=883  0\$aLanguage codes assigned by Bayesian analysis of words present in record$d20201028$qUk$c0.9010
=852  4\$aBritish Library$bHMNTS$cDRT$jDigital Store 11602.i.25.(7.)
=985  \\$aCorrected by MS generated file for WR# 11/211
=985  \\$aCorrected by MS generated file for WR# 1805-0738
=985  \\$aUpgraded by BSS-generated file for WR2011-1472
=CAT  \\$aBATCH-MSDN$b00$c20080521$lBLL01$h1036
=CAT  \\$aBATCH$b00$c20080521$lBLL01$h1042
=CAT  \\$aBATCH-UPD$b00$c20100501$lBLL01$h0017
=CAT  \\$aWR13.117$c20130720$lBLL01$h1901
=CAT  \\$aWR14.046$c20140417$lBLL01$h1707
=CAT  \\$aWR13.144/5$c20140418$lBLL01$h0950
=CAT  \\$aWR11_211$c20141230$lBLL01$h1736
=CAT  \\$aBLSS-CORR$b00$c20141230$lBLL01$h1742
=CAT  \\$aBATCH-UPD$b00$c20160301$lBLL01$h1720
=CAT  \\$aBATCH-DCW$b00$c20160614$lBLL01$h0206
=CAT  \\$aBATCH-DCW$b00$c20160710$lBLL01$h1005
=CAT  \\$aWR14_057$b00$c20170504$lBLL01$h1839
=CAT  \\$aBATCH-DCW$c20170927$lBLL01$h0826
=CAT  \\$aBATCH-DCW$c20170928$lBLL01$h1313
=CAT  \\$aBATCH-DCW$c20170928$lBLL01$h1323
=CAT  \\$aBATCH-DCW$b40$c20171003$lBLL01$h1811
=CAT  \\$a1805-0738$c20181228$lBLL01$h1816
=CAT  \\$a1805-0738$b00$c20181228$lBLL01$h1903
=CAT  \\$aW2011-1472$b00$c20201127$lBLL01$h1824
=FIN  \\$aY$d20080521
=LKR  \\$aPAR$lBLL01$r776$b000665607$mAn Heroick Poem to the King, upon the Arrival of the Morocco and Bantam Embassadors, to His Majesty of Great Britain, in the year 1682.$nAn Heroick Poem to the King, upon the Arrival of the Morocco and Bantam Embassadors, to His Majesty of Great Britain, in the year 1682.
=DGM  \\$a000665607$bCatBridge variable field
=DRT  \\$aGOOGLEBOOKS
=DRT  \\$aMSD
=SRC  \\$aGOOGLEBOOKS$bGoogleBooks_20160613
=SRC  \\$aMSD$bMSBooks_20160709
=SRC  \\$aMSD$bmsdig_000039
=LAS  \\$aW2011-1472$b00$c20201127$lBLL01$h1824

