=LDR  02559cam a22006853  4500
=001  014622906
=003  Uk
=005  20220201173642.0
=007  cr\mn\024mpada
=007  cr\mn\024mpadp
=008  890503s1697\\\\enk\\\\|s\\\\\|||\1|eng\\
=FMT  \\$a  BK
=040  \\$aUk$beng$cUk
=100  1\$aMANNING, Francis.
=245  10$aGreenwich Hill :$ba poem.
=264  \1$aLondon :$bprinted by Tho. Warren, for Francis Saunders,$c1697.
=300  \\$a12 pages ;$c(folio)
=336  \\$atext$2rdacontent
=337  \\$acomputer$2rdamedia
=338  \\$aonline resource$2rdacarrier
=340  \\$mfolio$2rdabf
=380  \\$afiction$2marcgt
=655  \7$aFiction.$2fast$0(OCoLC)fst01423787
=655  \7$aPoetry.$2fast$0(OCoLC)fst01423828
=856  41$uhttp://books.google.com/books?vid=BL:A0021282403$yGoogle_Books
=859  \\$aXLD$bGOOGLEBOOKS
=859  \\$aXLD$bMS Digitised
=859  \\$aXLD$bMSD
=883  0\$aLanguage codes assigned by Bayesian analysis of words present in record$d20201028$qUk$c0.9010
=852  4\$aBritish Library$bHMNTS$cDRT$jDigital Store 11602.i.25.(8.)
=985  \\$aCorrected by MS generated file for WR# 1805-0738
=985  \\$aEnhanced by MS generated file for WR# 12/139
=985  \\$aUpgraded by BSS-generated file for WR2011-1472
=CAT  \\$a1805-0738$b00$c20181228$lBLL01$h1903
=CAT  \\$a1805-0738$c20181228$lBLL01$h1816
=CAT  \\$aBATCH$b00$c20080521$lBLL01$h1042
=CAT  \\$aBATCH-DCW$b00$c20160614$lBLL01$h0206
=CAT  \\$aBATCH-DCW$b00$c20160710$lBLL01$h1005
=CAT  \\$aBATCH-DCW$b40$c20171003$lBLL01$h1811
=CAT  \\$aBATCH-DCW$c20170927$lBLL01$h0826
=CAT  \\$aBATCH-DCW$c20170928$lBLL01$h1313
=CAT  \\$aBATCH-DCW$c20170928$lBLL01$h1323
=CAT  \\$aBATCH-MSDN$b00$c20080521$lBLL01$h1036
=CAT  \\$aBATCH-UPD$b00$c20100501$lBLL01$h0017
=CAT  \\$aW2011-1472$b00$c20201127$lBLL01$h1824
=CAT  \\$aWR12.139$b00$c20130521$lBLL01$h1737
=CAT  \\$aWR13.117$c20130720$lBLL01$h1901
=CAT  \\$aWR13.144/5$c20140418$lBLL01$h0950
=CAT  \\$aWR14.046$c20140417$lBLL01$h1707
=CAT  \\$aWR14_057$b00$c20170504$lBLL01$h1839
=CAT  \\$aW2107-1297$b00$c20220201$lBLL01$h1736
=FIN  \\$aY$d20080521
=LKR  \\$aPAR$lBLL01$r776$b002368653$mGreenwich Hill$nGreenwich Hill
=DGM  \\$a002368653$bCatBridge variable field
=DRT  \\$aGOOGLEBOOKS
=DRT  \\$aMSD
=SRC  \\$aGOOGLEBOOKS$bGoogleBooks_20160613
=SRC  \\$aMSD$bMSBooks_20160709
=SRC  \\$aMSD$bmsdig_000039
=LAS  \\$aW2107-1297$b00$c20220201$lBLL01$h1736

