=LDR  03301 am a22006733  4500
=001  014622985
=003  Uk
=005  20201127182414.0
=007  cr\mn\024mpadp
=007  cr\mn\024mpada
=008  900625|1681||||enk\\\\|s\\\\\|||\||eng\\
=FMT  \\$a  BK
=040  \\$aUk$cUk
=100  1\$aTORY, Timothy,$cpseud.
=245  10$aSejanus: or the Popular Favourite, now in his solitude and sufferings. Written for the consolation of E. S. [i.e. A. A. Cooper, 1st Earl of Shaftesbury] the famous Bromigen Protestant in bonds ... for the Good Old Cause ... By Timothy Tory. [In verse.]$h[electronic resource]
=264  \1$aLondon :$bSmith, etc,$c[1681]
=300  \\$a4 pages ;$c(folio)
=336  \\$atext$2rdacontent
=337  \\$acomputer$2rdamedia
=338  \\$aonline resource$2rdacarrier
=340  \\$mfolio$2rdabf
=700  1\$aCOOPER, Anthony Ashley,$c1st Earl of Shaftesbury.$tAppendix.
=886  2\$2blmarc$a709$b00$aCOOPER$hAnthony Ashley$f1st Earl of Shaftesbury$tAppendix$p11602.i.25.(6.)$x0691210144
=856  41$uhttp://books.google.com/books?vid=BL:A0021282401$yGoogle_Books
=859  \\$aXLD$bGOOGLEBOOKS
=859  \\$aXLD$bMS Digitised
=859  \\$aXLD$bMSD
=883  0\$aLanguage codes assigned by Bayesian analysis of words present in record$d20201028$qUk$c0.9010
=852  4\$aBritish Library$bHMNTS$cDRT$jDigital Store 11602.i.25.(6.)
=985  \\$aUpgraded by BSS-generated file for WR1910-0531
=985  \\$aUpgraded by BSS-generated file for WR2011-1472
=CAT  \\$aBATCH-MSDN$b00$c20080521$lBLL01$h1036
=CAT  \\$aBATCH$b00$c20080521$lBLL01$h1042
=CAT  \\$aBATCH-UPD$b00$c20100501$lBLL01$h0017
=CAT  \\$aWR13.117$c20130720$lBLL01$h1901
=CAT  \\$aWR14.046$c20140417$lBLL01$h1707
=CAT  \\$aWR13.144/5$c20140418$lBLL01$h0950
=CAT  \\$aWR11_211$c20141230$lBLL01$h1736
=CAT  \\$aBLSS-CORR$b00$c20141230$lBLL01$h1742
=CAT  \\$aBATCH-DCW$b00$c20160613$lBLL01$h0207
=CAT  \\$aBATCH-DCW$b00$c20160710$lBLL01$h1005
=CAT  \\$aWR14_057$b00$c20170504$lBLL01$h1839
=CAT  \\$aBATCH-DCW$c20170927$lBLL01$h0826
=CAT  \\$aBATCH-DCW$c20170928$lBLL01$h1313
=CAT  \\$aBATCH-DCW$c20170928$lBLL01$h1323
=CAT  \\$aBATCH-DCW$b40$c20171003$lBLL01$h1812
=CAT  \\$a1805-0738$c20181228$lBLL01$h1816
=CAT  \\$a1805-0738$b00$c20181228$lBLL01$h1903
=CAT  \\$aW1910-0531$b00$c20191108$lBLL01$h1810
=CAT  \\$aW2011-1472$b00$c20201127$lBLL01$h1824
=FIN  \\$aY$d20080521
=LKR  \\$aPAR$lBLL01$r776$b003658271$mSejanus: or the Popular Favourite, now in his solitude and sufferings. Written for the consolation of E. S. [i.e. A. A. Cooper, 1st Earl of Shaftesbury] the famous Bromigen Protestant in bonds ... for the Good Old Cause ... By Timothy Tory. [In verse.]$nSejanus: or the Popular Favourite, now in his solitude and sufferings. Written for the consolation of E. S. [i.e. A. A. Cooper, 1st Earl of Shaftesbury] the famous Bromigen Protestant in bonds ... for the Good Old Cause ... By Timothy Tory. [In verse.]
=DGM  \\$a003658271$bCatBridge variable field
=DRT  \\$aGOOGLEBOOKS
=DRT  \\$aMSD
=SRC  \\$aGOOGLEBOOKS$bGoogleBooks_20160612
=SRC  \\$aMSD$bMSBooks_20160709
=SRC  \\$aMSD$bmsdig_000039
=LAS  \\$aW2011-1472$b00$c20201127$lBLL01$h1824

