=LDR  02917 am a22006733  4500
=001  014622990
=003  Uk
=005  20201127182414.0
=007  cr\mn\024mpadp
=007  cr\mn\024mpada
=008  901122|1678||||enk\\\\|s\\\\\|||\||eng\\
=FMT  \\$a  BK
=040  \\$aUk$cUk
=100  1\$aW., R.,$cD.D.
=245  10$aOliver Cromwells Ghost: or Old Noll newly revived. [Signed: R. W. D.D., i.e. Robert Wild.]$h[electronic resource]
=264  \1$a[London],$c[1678?]
=300  \\$a4 pages ;$c(folio)
=336  \\$atext$2rdacontent
=337  \\$acomputer$2rdamedia
=338  \\$aonline resource$2rdacarrier
=340  \\$mfolio$2rdabf
=700  1\$aCROMWELL, Oliver,$cLord Protector of the Commonwealth of England, Scotland and Ireland.$tAppendix. Miscellaneous.
=700  1\$aWILD, Robert,$cD.D.
=886  2\$2blmarc$a709$b00$aCROMWELL$hOliver$fLord Protector of the Commonwealth of England, Scotland and Ireland$tAppendix$tMiscellaneous$p11602.i.25.(2.)$x0731290097
=886  2\$2blmarc$a709$b00$aWILD$hRobert$fD.D.$p11602.i.25.(2.)$x351081018X
=856  41$uhttp://books.google.com/books?vid=BL:A0021282399$yGoogle_Books
=859  \\$aXLD$bGOOGLEBOOKS
=859  \\$aXLD$bMS Digitised
=859  \\$aXLD$bMSD
=883  0\$aLanguage codes assigned by Bayesian analysis of words present in record$d20201028$qUk$c0.9010
=852  4\$aBritish Library$bHMNTS$cDRT$jDigital Store 11602.i.25.(2.)
=985  \\$aUpgraded by BSS-generated file for WR1910-0531
=985  \\$aUpgraded by BSS-generated file for WR2011-1472
=CAT  \\$aBATCH-MSDN$b00$c20080521$lBLL01$h1036
=CAT  \\$aBATCH$b00$c20080521$lBLL01$h1042
=CAT  \\$aBATCH-UPD$b00$c20100501$lBLL01$h0017
=CAT  \\$aWR13.117$c20130720$lBLL01$h1901
=CAT  \\$aWR14.046$c20140417$lBLL01$h1707
=CAT  \\$aWR13.144/5$c20140418$lBLL01$h0950
=CAT  \\$aBATCH-DCW$b00$c20160614$lBLL01$h0206
=CAT  \\$aBATCH-DCW$b00$c20160710$lBLL01$h1005
=CAT  \\$aWR14_057$b00$c20170504$lBLL01$h1839
=CAT  \\$aBATCH-DCW$c20170927$lBLL01$h0826
=CAT  \\$aBATCH-DCW$c20170928$lBLL01$h1313
=CAT  \\$aBATCH-DCW$c20170928$lBLL01$h1323
=CAT  \\$aBATCH-DCW$b40$c20171003$lBLL01$h1812
=CAT  \\$a1805-0738$c20181228$lBLL01$h1816
=CAT  \\$a1805-0738$b00$c20181228$lBLL01$h1903
=CAT  \\$aW1910-0531$b00$c20191108$lBLL01$h1810
=CAT  \\$aW2011-1472$b00$c20201127$lBLL01$h1824
=FIN  \\$aY$d20080521
=LKR  \\$aPAR$lBLL01$r776$b003823628$mOliver Cromwells Ghost: or Old Noll newly revived. [Signed: R. W. D.D., i.e. Robert Wild.]$nOliver Cromwells Ghost: or Old Noll newly revived. [Signed: R. W. D.D., i.e. Robert Wild.]
=DGM  \\$a003823628$bCatBridge variable field
=DRT  \\$aGOOGLEBOOKS
=DRT  \\$aMSD
=SRC  \\$aGOOGLEBOOKS$bGoogleBooks_20160613
=SRC  \\$aMSD$bMSBooks_20160709
=SRC  \\$aMSD$bmsdig_000039
=LAS  \\$aW2011-1472$b00$c20201127$lBLL01$h1824

