=LDR  02688cam a22006493  4500
=001  014622994
=003  Uk
=005  20230613105555.0
=007  cr\mn\024mpadp
=007  cr\mn\024mpada
=008  900903|1679|||||||\\\\|s\\\\\|||\||eng\\
=FMT  \\$a  BK
=040  \\$aUk$cUk
=100  1\$aWHITE alias WHITEBREAD, Thomas,$cJesuit.
=245  10$aFather Whitebreads Walking Ghost, which lately appear'd to a Cabal of Jesuits in Drury-Lane. [In verse.]$h[electronic resource]
=264  \1$c[1679?]
=300  \\$a4 pages ;$c(folio)
=336  \\$atext$2rdacontent
=337  \\$acomputer$2rdamedia
=338  \\$aonline resource$2rdacarrier
=340  \\$mfolio$2rdabf
=655  \7$aPoetry.$2fast$0(OCoLC)fst01423828
=856  41$uhttp://books.google.com/books?vid=BL:A0021282400$yGoogle_Books
=859  \\$aXLD$bGOOGLEBOOKS
=859  \\$aXLD$bMS Digitised
=859  \\$aXLD$bMSD
=883  0\$aLanguage codes assigned by Bayesian analysis of words present in record$d20201028$qUk$c0.9010
=852  4\$aBritish Library$bHMNTS$cDRT$jDigital Store 11602.i.25.(3.)
=985  \\$aEnhanced during collaborative project with UCL (course BASC0033). 2022-23.
=985  \\$aCorrected by MS generated file for WR# 1805-0738
=985  \\$aUpgraded by BSS-generated file for WR2011-1472
=CAT  \\$aBATCH-MSDN$b00$c20080521$lBLL01$h1036
=CAT  \\$aBATCH$b00$c20080521$lBLL01$h1042
=CAT  \\$aBATCH-UPD$b00$c20100501$lBLL01$h0017
=CAT  \\$aWR13.117$c20130720$lBLL01$h1901
=CAT  \\$aWR14.046$c20140417$lBLL01$h1707
=CAT  \\$aWR13.144/5$c20140418$lBLL01$h0950
=CAT  \\$aBATCH-DCW$b00$c20160614$lBLL01$h0206
=CAT  \\$aBATCH-DCW$b00$c20160710$lBLL01$h1005
=CAT  \\$aWR14_057$b00$c20170504$lBLL01$h1839
=CAT  \\$aBATCH-DCW$c20170927$lBLL01$h0826
=CAT  \\$aBATCH-DCW$c20170928$lBLL01$h1313
=CAT  \\$aBATCH-DCW$c20170928$lBLL01$h1323
=CAT  \\$aBATCH-DCW$b40$c20171003$lBLL01$h1812
=CAT  \\$a1805-0738$c20181228$lBLL01$h1816
=CAT  \\$a1805-0738$b00$c20181228$lBLL01$h1903
=CAT  \\$aW2011-1472$b00$c20201127$lBLL01$h1824
=CAT  \\$a14185$b40$c20230613$lBLL01$h1055
=FIN  \\$aY$d20080521
=LKR  \\$aPAR$lBLL01$r776$b003909236$mFather Whitebreads Walking Ghost, which lately appear'd to a Cabal of Jesuits in Drury-Lane. [In verse.]$nFather Whitebreads Walking Ghost, which lately appear'd to a Cabal of Jesuits in Drury-Lane. [In verse.]
=DGM  \\$a003909236$bCatBridge variable field
=DRT  \\$aGOOGLEBOOKS
=DRT  \\$aMSD
=SRC  \\$aGOOGLEBOOKS$bGoogleBooks_20160613
=SRC  \\$aMSD$bMSBooks_20160709
=SRC  \\$aMSD$bmsdig_000039
=LAS  \\$a14185$b40$c20230613$lBLL01$h1055

