=LDR  02989 am a22006493  4500
=001  014643350
=003  Uk
=005  20201127182430.0
=007  cr\mn\024mpadp
=007  cr\mn\024mpada
=008  880412|1684||||enk\\\\|s\\\\||||\||eng\\
=FMT  \\$a  BK
=040  \\$aUk$cUk
=100  0\$aCharles$bII,$cKing of England,$d1630-1685.
=240  10$aAppendix. Biography. II. Separate Events. 1684
=245  10$aA Poem upon the New Marble Statue of His Present Majesty, erected in the Royal Exchange: by the Society of Merchants Adventurers of England: together with a copy of the inscription upon the pedestall.$h[electronic resource]
=264  \1$aLondon :$bFor Randal Taylor,$c1684.
=300  \\$a4 pages ;$c(folio)
=336  \\$atext$2rdacontent
=337  \\$acomputer$2rdamedia
=338  \\$aonline resource$2rdacarrier
=340  \\$mfolio$2rdabf
=856  41$uhttp://books.google.com/books?vid=BL:A0021293410$yGoogle_Books
=859  \\$aXLD$bGOOGLEBOOKS
=859  \\$aXLD$bMS Digitised
=859  \\$aXLD$bMSD
=883  0\$aLanguage codes assigned by Bayesian analysis of words present in record$d20201028$qUk$c0.9010
=852  4\$aBritish Library$bHMNTS$cDRT$jDigital Store 11641.h.10.(3.)
=985  \\$aUpgraded by BSS-generated file for WR1910-0531
=985  \\$aUpgraded by BSS-generated file for WR2011-1472
=CAT  \\$aBATCH-MSDN$b00$c20080612$lBLL01$h1124
=CAT  \\$aBATCH$b00$c20080612$lBLL01$h1130
=CAT  \\$aBATCH-UPD$b00$c20100501$lBLL01$h0018
=CAT  \\$aWR13.117$c20130720$lBLL01$h1901
=CAT  \\$aWR14.046$c20140417$lBLL01$h1707
=CAT  \\$aWR13.144/5$c20140418$lBLL01$h0950
=CAT  \\$aBATCH-UPD$b00$c20160301$lBLL01$h1722
=CAT  \\$aBATCH-DCW$b00$c20160620$lBLL01$h0209
=CAT  \\$aBATCH-DCW$b00$c20160710$lBLL01$h1005
=CAT  \\$aWR14_057$b00$c20170504$lBLL01$h1839
=CAT  \\$aBATCH-DCW$c20170927$lBLL01$h0826
=CAT  \\$aBATCH-DCW$c20170928$lBLL01$h1313
=CAT  \\$aBATCH-DCW$c20170928$lBLL01$h1323
=CAT  \\$aBATCH-DCW$b40$c20171003$lBLL01$h1812
=CAT  \\$a1805-0738$c20181228$lBLL01$h1816
=CAT  \\$a1805-0738$b00$c20181228$lBLL01$h1903
=CAT  \\$aW1910-0531$b00$c20191108$lBLL01$h1810
=CAT  \\$aW2011-1472$b00$c20201127$lBLL01$h1824
=FIN  \\$aY$d20080612
=LKR  \\$aPAR$lBLL01$r776$b000665621$mA Poem upon the New Marble Statue of His Present Majesty, erected in the Royal Exchange: by the Society of Merchants Adventurers of England: together with a copy of the inscription upon the pedestall.$nA Poem upon the New Marble Statue of His Present Majesty, erected in the Royal Exchange: by the Society of Merchants Adventurers of England: together with a copy of the inscription upon the pedestall.
=DGM  \\$a000665621$bCatBridge variable field
=DRT  \\$aGOOGLEBOOKS
=DRT  \\$aMSD
=SRC  \\$aGOOGLEBOOKS$bGoogleBooks_20160619
=SRC  \\$aMSD$bMSBooks_20160709
=SRC  \\$aMSD$bmsdig_000042
=LAS  \\$aW2011-1472$b00$c20201127$lBLL01$h1824

