=LDR  03582 am a22006733  4500
=001  014643496
=003  Uk
=005  20201127182431.0
=007  cr\mn\024mpadp
=007  cr\mn\024mpada
=008  890726|1696||||enk\\\\|s\\\\||||\||eng\\
=FMT  \\$a  BK
=040  \\$aUk$beng$cUk
=240  10$aAppendix
=245  10$aReflections on the Poems made upon the siege and taking of Namur; together with a short answer to the Modest Examination of the Oxford Decree, &c. lately published [by William Sherlock]. Both in a letter to a friend at Oxon.$h[electronic resource]
=264  \1$aLondon,$c1696.
=300  \\$c(folio)
=336  \\$atext$2rdacontent
=337  \\$acomputer$2rdamedia
=338  \\$aonline resource$2rdacarrier
=340  \\$mfolio$2rdabf
=655  \7$aPoetry$2fast$0(OCoLC)fst01423828
=700  1\$aSherlock, William,$d1641?-1707.$tA Modest Examination of the authority and reasons of the late Decree of the Vice-Chancellor of Oxford, and some Heads of Colleges and Halls, concerning the Heresy of Three distinct Infinite Minds in the Holy and Ever-Blessed Trinity.
=710  1\$aNamur (Belgium)
=886  2\$2blmarc$a709$b00$aSHERLOCK$hWilliam$fDean of St. Paul's$tA Modest Examination of the authority and reasons of the late Decree of the Vice-Chancellor of Oxford, and some Heads of Colleges and Halls, concerning the Heresy of Three distinct Infinite Minds in the Holy and Ever-Blessed Trinity.$p11641.h.10.(5.)$x3010790198
=859  \\$aXLD$bGOOGLEBOOKS
=859  \\$aXLD$bMS Digitised
=859  \\$aXLD$bMSD
=856  41$uhttp://books.google.com/books?vid=BL:A0021293412$yGoogle_Books
=883  0\$aLanguage codes assigned by Bayesian analysis of words present in record$d20201028$qUk$c0.9010
=852  4\$aBritish Library$bHMNTS$cDRT$jDigital Store 11641.h.10.(5.)
=985  \\$aUpgraded by BSS-generated file for WR1910-0531
=985  \\$aUpgraded by BSS-generated file for WR2011-1472
=CAT  \\$aBATCH-MSDN$b00$c20080612$lBLL01$h1124
=CAT  \\$aBATCH$b00$c20080612$lBLL01$h1130
=CAT  \\$a12179$b40$c20080724$lBLL01$h1431
=CAT  \\$aBATCH-UPD$b40$c20100501$lBLL01$h0018
=CAT  \\$aWR13.117$c20130720$lBLL01$h1901
=CAT  \\$aWR14.046$c20140417$lBLL01$h1707
=CAT  \\$aWR13.144/5$c20140418$lBLL01$h0950
=CAT  \\$aWR11_211$c20141230$lBLL01$h1736
=CAT  \\$aBLSS-CORR$b00$c20141230$lBLL01$h1742
=CAT  \\$aBATCH-DCW$b00$c20160620$lBLL01$h0209
=CAT  \\$aBATCH-DCW$b00$c20160710$lBLL01$h1005
=CAT  \\$aWR14_057$b00$c20170504$lBLL01$h1839
=CAT  \\$a1805-0738$c20181228$lBLL01$h1816
=CAT  \\$a1805-0738$b00$c20181228$lBLL01$h1903
=CAT  \\$aW1910-0531$b00$c20191108$lBLL01$h1810
=CAT  \\$a14185$b40$c20200304$lBLL01$h1340
=CAT  \\$aW2011-1472$b00$c20201127$lBLL01$h1824
=FIN  \\$aY$d20080612
=LKR  \\$aPAR$lBLL01$r776$b002602995$mReflections on the Poems made upon the siege and taking of Namur; together with a short answer to the Modest Examination of the Oxford Decree, &c. lately published [by William Sherlock]. Both in a letter to a friend at Oxon.$nReflections on the Poems made upon the siege and taking of Namur; together with a short answer to the Modest Examination of the Oxford Decree, &c. lately published [by William Sherlock]. Both in a letter to a friend at Oxon.
=DGM  \\$a002602995$bCatBridge variable field
=DRT  \\$aGOOGLEBOOKS
=DRT  \\$aMSD
=SRC  \\$aGOOGLEBOOKS$bGoogleBooks_20160619
=SRC  \\$aMSD$bMSBooks_20160709
=SRC  \\$aMSD$bmsdig_000042
=LAS  \\$aW2011-1472$b00$c20201127$lBLL01$h1824

