=LDR  02365 am a22006373  4500
=001  014643547
=003  Uk
=005  20191108181020.0
=007  cr\mn\024mpadp
=007  cr\mn\024mpada
=008  040202|1681||||enk\\\\|s\\\\||||\||eng\\
=FMT  \\$a  BK
=040  \\$aUk$cUk
=245  10$aPoor Robin's Dream, etc. Few MS. notes. [Another issue.]$h[electronic resource]
=264  \1$aLondon,$c1681.
=300  \\$c(folio)
=336  \\$atext$2rdacontent
=337  \\$acomputer$2rdamedia
=338  \\$aonline resource$2rdacarrier
=340  \\$mfolio$2rdabf
=500  \\$aA duplicate issue, with a different titlepage.
=720  \\$aROBIN, Poor
=856  41$uhttp://books.google.com/books?vid=BL:A0021293408$yGoogle_Books
=859  \\$aXLD$bGOOGLEBOOKS
=859  \\$aXLD$bMS Digitised
=859  \\$aXLD$bMSD
=852  4\$aBritish Library$bHMNTS$cDRT$jDigital Store 11641.h.10.(1.)
=985  \\$aUpgraded by BSS-generated file for WR1910-0531
=CAT  \\$aBATCH-MSDN$b00$c20080612$lBLL01$h1124
=CAT  \\$aBATCH$b00$c20080612$lBLL01$h1130
=CAT  \\$aBATCH-UPD$b00$c20100501$lBLL01$h0018
=CAT  \\$aWR13.117$c20130720$lBLL01$h1901
=CAT  \\$aWR14.046$c20140417$lBLL01$h1707
=CAT  \\$aWR13.144/5$c20140418$lBLL01$h0950
=CAT  \\$aWR11_211$c20141230$lBLL01$h1736
=CAT  \\$aBLSS-CORR$b00$c20141230$lBLL01$h1742
=CAT  \\$aBATCH-DCW$b00$c20160620$lBLL01$h0209
=CAT  \\$aBATCH-DCW$b00$c20160710$lBLL01$h1005
=CAT  \\$aWR14_057$b00$c20170504$lBLL01$h1839
=CAT  \\$aBATCH-DCW$c20170927$lBLL01$h0826
=CAT  \\$aBATCH-DCW$c20170928$lBLL01$h1313
=CAT  \\$aBATCH-DCW$c20170928$lBLL01$h1323
=CAT  \\$aBATCH-DCW$b40$c20171003$lBLL01$h1813
=CAT  \\$aW1807-0595$c20180717$lBLL01$h1728
=CAT  \\$a1805-0738$c20181228$lBLL01$h1816
=CAT  \\$a1805-0738$b00$c20181228$lBLL01$h1903
=CAT  \\$aW1910-0531$b00$c20191108$lBLL01$h1810
=FIN  \\$aY$d20080612
=LKR  \\$aPAR$lBLL01$r776$b003121892$mPoor Robin's Dream, etc. Few MS. notes. [Another issue.]$nPoor Robin's Dream, etc. Few MS. notes. [Another issue.]
=DGM  \\$a003121892$bCatBridge variable field
=DRT  \\$aGOOGLEBOOKS
=DRT  \\$aMSD
=SRC  \\$aGOOGLEBOOKS$bGoogleBooks_20160619
=SRC  \\$aMSD$bMSBooks_20160709
=SRC  \\$aMSD$bmsdig_000042
=LAS  \\$aW1910-0531$b00$c20191108$lBLL01$h1810

