=LDR  02431 am a22006013  4500
=001  014643571
=003  Uk
=005  20201127182432.0
=007  cr\mn\024mpadp
=007  cr\mn\024mpada
=008  900321|1700||||enk\\\\|s\\\\\|||\||eng\\
=FMT  \\$a  BK
=040  \\$aUk$cUk
=100  1\$aSETTLE, Elkanah.
=245  10$aSacellum Honoris. A congratulatory poem to ... the Marquis of Tavistock, on his happy return from travel.$h[electronic resource]
=264  \1$aLondon,$c1700.
=300  \\$c(folio)
=336  \\$atext$2rdacontent
=337  \\$acomputer$2rdamedia
=338  \\$aonline resource$2rdacarrier
=340  \\$mfolio$2rdabf
=859  \\$aXLD$bGOOGLEBOOKS
=859  \\$aXLD$bMS Digitised
=859  \\$aXLD$bMSD
=856  41$uhttp://books.google.com/books?vid=BL:A0021293414$yGoogle_Books
=883  0\$aLanguage codes assigned by Bayesian analysis of words present in record$d20201028$qUk$c0.9010
=852  4\$aBritish Library$bHMNTS$cDRT$jDigital Store 11641.h.10.(7.)
=985  \\$aUpgraded by BSS-generated file for WR1910-0531
=985  \\$aUpgraded by BSS-generated file for WR2011-1472
=CAT  \\$aBATCH-MSDN$b00$c20080612$lBLL01$h1124
=CAT  \\$aBATCH$b00$c20080612$lBLL01$h1130
=CAT  \\$aBATCH-UPD$b00$c20100501$lBLL01$h0018
=CAT  \\$aWR13.117$c20130720$lBLL01$h1901
=CAT  \\$aWR14.046$c20140417$lBLL01$h1707
=CAT  \\$aWR13.144/5$c20140418$lBLL01$h0950
=CAT  \\$aWR11_211$c20141230$lBLL01$h1736
=CAT  \\$aBLSS-CORR$b00$c20141230$lBLL01$h1742
=CAT  \\$aBATCH-DCW$b00$c20160620$lBLL01$h0209
=CAT  \\$aBATCH-DCW$b00$c20160710$lBLL01$h1005
=CAT  \\$aWR14_057$b00$c20170504$lBLL01$h1839
=CAT  \\$a1805-0738$c20181228$lBLL01$h1816
=CAT  \\$a1805-0738$b00$c20181228$lBLL01$h1903
=CAT  \\$aW1910-0531$b00$c20191108$lBLL01$h1810
=CAT  \\$aW2011-1472$b00$c20201127$lBLL01$h1824
=FIN  \\$aY$d20080612
=LKR  \\$aPAR$lBLL01$r776$b003344340$mSacellum Honoris. A congratulatory poem to ... the Marquis of Tavistock, on his happy return from travel.$nSacellum Honoris. A congratulatory poem to ... the Marquis of Tavistock, on his happy return from travel.
=DGM  \\$a003344340$bCatBridge variable field
=DRT  \\$aGOOGLEBOOKS
=DRT  \\$aMSD
=SRC  \\$aGOOGLEBOOKS$bGoogleBooks_20160619
=SRC  \\$aMSD$bMSBooks_20160709
=SRC  \\$aMSD$bmsdig_000042
=LAS  \\$aW2011-1472$b00$c20201127$lBLL01$h1824

