=LDR  02491cam a22006253  4500
=001  014750837
=003  Uk
=005  20230127083930.0
=007  cr\mn\024mpadp
=007  cr\mn\024mpada
=008  880301s1831\\\\enk\\\\\s\\\\||||\||eng\\
=FMT  \\$a  BK
=019  x\$a2873210141
=040  \\$aUk$beng$cUk$dUk
=245  00$aParochial Pickings; or, an Appeal to the common sense of the inhabitants of the Parish of St. Luke, Chelsea.
=264  \1$aLondon :$bS. Maunder,$c1831.
=300  \\$aiv, 40 pages ;$c(8º)
=336  \\$atext$2rdacontent
=337  \\$acomputer$2rdamedia
=338  \\$aonline resource$2rdacarrier
=340  \\$m8vo$2rdabf
=610  20$aParish of Saint Luke (Chelsea, London, England)
=651  \7$aEngland$zLondon$zChelsea.$2fast$0(OCoLC)fst01312348
=859  \\$aXLD$bMS Digitised
=859  \\$aXLD$bGOOGLEBOOKS
=856  41$uhttp://books.google.co.uk/books?vid=BL:A0019243423$yGoogle_Books
=859  \\$aXLD$bMSD
=852  4\$cDRT$jDigital Store 1302.h.24.$aBritish Library$bHMNTS
=985  \\$aEnhanced during collaborative project with UCL (course BASC0033). 2021-22.
=985  \\$aUpgraded by BSS-generated file for WR1910-0531
=CAT  \\$aBATCH-MSDN$b00$c20080911$lBLL01$h0944
=CAT  \\$aBATCH$b00$c20080911$lBLL01$h0948
=CAT  \\$aBATCH-UPD$b00$c20100501$lBLL01$h0033
=CAT  \\$aWR13.117$c20130720$lBLL01$h1901
=CAT  \\$aWR14.046$c20140417$lBLL01$h1707
=CAT  \\$aWR13.144/5$c20140418$lBLL01$h1003
=CAT  \\$aWR11_211$c20141230$lBLL01$h1736
=CAT  \\$aBLSS-CORR$b00$c20141230$lBLL01$h1742
=CAT  \\$aBATCH-DCW$b00$c20160710$lBLL01$h1005
=CAT  \\$a1805-0738$c20181228$lBLL01$h1816
=CAT  \\$a1805-0738$b00$c20181228$lBLL01$h1903
=CAT  \\$aW1910-0531$b00$c20191108$lBLL01$h1810
=CAT  \\$a14185$b40$c20220413$lBLL01$h1039
=CAT  \\$a9668$b40$c20230126$lBLL01$h1112
=CAT  \\$a8874$b40$c20230127$lBLL01$h0839
=FIN  \\$aY$d20080911
=LKR  \\$aPAR$lBLL01$r776$b000676107$mParochial Pickings; or, an Appeal to the common sense of the inhabitants of the Parish of St. Luke, Chelsea.$nParochial Pickings; or, an Appeal to the common sense of the inhabitants of the Parish of St. Luke, Chelsea.
=DGM  \\$a000676107$bCatBridge variable field
=DRT  \\$aMSD
=DRT  \\$aGOOGLEBOOKS
=SRC  \\$aMSD$bMSBooks_20160709
=SRC  \\$aGOOGLEBOOKS$bGoogleBooks_20150518
=SRC  \\$aMSD$bmsdig_000044
=OHC  \\$a1
=LAS  \\$a8874$b40$c20230127$lBLL01$h0839

