=LDR  02392 am a22005533  4500
=001  014774174
=003  Uk
=005  20191108181029.0
=007  cr\mn\024mpadp
=007  cr\mn\024mpada
=008  891128|1683||||enk\\\\|s\\\\||||\||eng\\
=FMT  \\$a  BK
=040  \\$aUk$cUk
=245  10$aThemista and Eupherbus, in a familiar dialogue [in verse] ... discovering, and passionately bemoning, ... the Exorbitances of the World in the Administration of Justice ... By Philopolites.$h[electronic resource]
=264  \1$aLondon,$c1683.
=300  \\$c(4º)
=336  \\$atext$2rdacontent
=337  \\$acomputer$2rdamedia
=338  \\$aonline resource$2rdacarrier
=340  \\$m4to$2rdabf
=720  \\$aPHILOPOLITES
=859  \\$aXLD$bGOOGLEBOOKS
=859  \\$aXLD$bMS Digitised
=859  \\$aXLD$bMSD
=856  41$uhttp://books.google.com/books?vid=BL:A0021163388$yGoogle_Books
=852  4\$cDRT$jDigital Store 1077.h.37.$aBritish Library$bHMNTS
=985  \\$aUpgraded by BSS-generated file for WR1910-0531
=CAT  \\$aBATCH-MSDN$b00$c20081009$lBLL01$h1354
=CAT  \\$aBATCH$b00$c20081009$lBLL01$h1400
=CAT  \\$aBATCH-UPD$b00$c20100501$lBLL01$h0034
=CAT  \\$aWR13.117$c20130720$lBLL01$h1902
=CAT  \\$aWR14.046$c20140417$lBLL01$h1708
=CAT  \\$aWR13.144/5$c20140418$lBLL01$h1004
=CAT  \\$aBATCH-DCW$b00$c20160511$lBLL01$h0217
=CAT  \\$aBATCH-DCW$b00$c20160710$lBLL01$h1005
=CAT  \\$aWR14_057$b00$c20170504$lBLL01$h1839
=CAT  \\$aW1807-0595$c20180717$lBLL01$h1728
=CAT  \\$a1805-0738$c20181228$lBLL01$h1817
=CAT  \\$a1805-0738$b00$c20181228$lBLL01$h1903
=CAT  \\$aW1910-0531$b00$c20191108$lBLL01$h1810
=FIN  \\$aY$d20081009
=LKR  \\$aPAR$lBLL01$r776$b002905058$mThemista and Eupherbus, in a familiar dialogue [in verse] ... discovering, and passionately bemoning, ... the Exorbitances of the World in the Administration of Justice ... By Philopolites.$nThemista and Eupherbus, in a familiar dialogue [in verse] ... discovering, and passionately bemoning, ... the Exorbitances of the World in the Administration of Justice ... By Philopolites.
=DGM  \\$a002905058$bCatBridge variable field
=DRT  \\$aGOOGLEBOOKS
=DRT  \\$aMSD
=SRC  \\$aGOOGLEBOOKS$bGoogleBooks_20160510
=SRC  \\$aMSD$bMSBooks_20160709
=SRC  \\$aMSD$bmsdig_000047
=LAS  \\$aW1910-0531$b00$c20191108$lBLL01$h1810

