=LDR  03000cam a22007213  4500
=001  014804582
=003  Uk
=005  20220615170742.0
=007  cr\mn\024mpadp
=007  cr\mn\024mpada
=008  920511|1685||||enk\\\\|s\\\\\|||\||eng\\
=FMT  \\$a  BK
=040  \\$aUk$beng$cUk
=100  1\$aBanks, John,$d-1706.
=245  10$a[The Unhappy Favourite: or, the Earl of Essex. A tragedy. [Inverse.] etc.]$h[electronic resource]
=264  \1$aLondon :$bR.Bentley & M. Magnes,$c1685.
=300  \\$a62 pages ;$c(4º)
=336  \\$atext$2rdacontent
=337  \\$acomputer$2rdamedia
=338  \\$aonline resource$2rdacarrier
=340  \\$m4to$2rdabf
=655  \7$aPoetry$2fast$0(OCoLC)fst01423828
=655  \7$aTragedies (Drama)$2fast$0(OCoLC)fst01921740
=787  0\$tThe Unhappy Favourite: or, the Earl of Essex. A tragedy. [Inverse.] etc.$w(Uk)MP1.0000212555$dpp. 73. For R. Bentley & M. Magnes: London, 1682. 4º.
=856  41$uhttp://books.google.co.uk/books?vid=BL:A0020150529$yGoogle_Books
=859  \\$aXLD$bMS Digitised
=859  \\$aXLD$bMSD
=859  \\$aXLD$bGOOGLEBOOKS
=852  4\$aBritish Library$bHMNTS$cDRT$jDigital Store 644.g.5.
=985  \\$aEnhanced during collaborative project with UCL (course BASC0033). 2019-20.
=985  \\$aEnhanced by MS generated file for WR# 12/139
=985  \\$aRecord amended for WR# 13/070
=985  \\$aCorrected by MS generated file for WR# 1805-0738
=985  \\$aCorrected by MS generated file for WR# 2206-0922 (250 field removed)
=CAT  \\$aBATCH-MSDN$b00$c20081114$lBLL01$h2143
=CAT  \\$aBATCH$b00$c20081115$lBLL01$h1541
=CAT  \\$aBATCH-UPD$b00$c20100501$lBLL01$h0035
=CAT  \\$a7416$b40$c20120314$lBLL01$h1747
=CAT  \\$aWR13_070$b00$c20130504$lBLL01$h0307
=CAT  \\$aWR12.139$b00$c20130709$lBLL01$h1713
=CAT  \\$aWR13.117$c20130720$lBLL01$h1903
=CAT  \\$aWR14.046$c20140417$lBLL01$h1709
=CAT  \\$aWR13.144/5$c20140418$lBLL01$h1004
=CAT  \\$aBATCH-DCW$b00$c20150923$lBLL01$h0207
=CAT  \\$aWR14_057$b00$c20151129$lBLL01$h1955
=CAT  \\$aBATCH-FIX$c20160124$lBLL01$h1228
=CAT  \\$aBATCH-FIX$c20160125$lBLL01$h1512
=CAT  \\$aBATCH-DCW$b00$c20160710$lBLL01$h1005
=CAT  \\$aBATCH-DCW$c20160713$lBLL01$h1618
=CAT  \\$aW1807-0595$c20180717$lBLL01$h1728
=CAT  \\$a1805-0738$c20181228$lBLL01$h1817
=CAT  \\$a1805-0738$b00$c20181228$lBLL01$h1904
=CAT  \\$a14185$b40$c20200306$lBLL01$h1203
=CAT  \\$aW2206-0922$c20220615$lBLL01$h1707
=FIN  \\$aY$d20081114
=LKR  \\$aPAR$lBLL01$r776$b000190864$m[The Unhappy Favourite: or, the Earl of Essex. A tragedy. [Inverse.] etc.]$n[The Unhappy Favourite: or, the Earl of Essex. A tragedy. [Inverse.] etc.]
=DGM  \\$a000190864$bCatBridge variable field
=DRT  \\$aMSD
=DRT  \\$aGOOGLEBOOKS
=SRC  \\$aGOOGLEBOOKS$bGoogleBooks_20150922
=SRC  \\$aMSD$bMSBooks_20160709
=SRC  \\$aMSD$bMSDIG_000050
=LAS  \\$aW2206-0922$b00$c20220615$lBLL01$h1707

