=LDR  03646 am a22006973  4500
=001  014804889
=003  Uk
=005  20200306121448.0
=007  cr\mn\024mpadp
=007  cr\mn\024mpada
=008  880616|1651||||enk\\\\|s\\\\\|||\||eng\\
=FMT  \\$a  BK
=040  \\$aUk$beng$cUk
=100  1\$aBeaumont, Francis,$d1584-1616.
=240  10$aSingle Works
=245  14$aThe Elder Brother: a Comedie ... Written by F. Beaumont and J. Fletcher [or more probably written by Fletcher, and revised by Massinger] ... The second edition, corrected and amended.$h[electronic resource]
=264  \1$aLondon :$bFor Humphrey Moseley,$c1651.
=300  \\$a61 pages ;$c(4º)
=336  \\$atext$2rdacontent
=337  \\$acomputer$2rdamedia
=338  \\$aonline resource$2rdacarrier
=340  \\$m4to$2rdabf
=500  \\$aOther editions, in which Fletcher alone is given as the author, are entered under Fletcher (John) Dramatist.
=655  \7$aTragedies (Drama)$2fast$0(OCoLC)fst01921740
=655  \7$aComedy plays$2fast$0(OCoLC)fst01921567
=775  0\$t[The Elder Brother: a Comedie ... Written by F. Beaumont and J. Fletcher [or more probably written by Fletcher, and revised by Massinger] ... The second edition, corrected and amended.]$w(Uk)MP1.0000263876.1$dpp. 58. Printed by T. N. [T. Newcomb] for D. N. [D. Newman] and T. C.; and are to be sold by George Marriott: London, 1678. 4º.
=775  0\$t[The Elder Brother: a Comedie ... Written by F. Beaumont and J. Fletcher [or more probably written by Fletcher, and revised by Massinger] ... The second edition, corrected and amended.]$w(Uk)MP1.0000263876.3$dpp. 24. London, [1883.] 8º.
=856  41$uhttp://books.google.co.uk/books?vid=BL:A0020150494$yGoogle_Books
=859  \\$aXLD$bMS Digitised
=859  \\$aXLD$bMSD
=859  \\$aXLD$bGOOGLEBOOKS
=852  4\$aBritish Library$bHMNTS$cDRT$jDigital Store 644.d.26.
=985  \\$aEnhanced during collaborative project with UCL (course BASC0033). 2019-20.
=985  \\$aUpgraded by BSS-generated file for WR1910-0531
=CAT  \\$aBATCH-MSDN$b00$c20081114$lBLL01$h2143
=CAT  \\$aBATCH-UPD$b00$c20081114$lBLL01$h2226
=CAT  \\$aBATCH$b00$c20081115$lBLL01$h1541
=CAT  \\$aBATCH-UPD$b00$c20100501$lBLL01$h0035
=CAT  \\$aWR13.117$c20130720$lBLL01$h1903
=CAT  \\$aWR14.046$c20140417$lBLL01$h1709
=CAT  \\$aWR13.144/5$c20140418$lBLL01$h1004
=CAT  \\$aBATCH-DCW$b00$c20150923$lBLL01$h0207
=CAT  \\$aWR14_057$b00$c20151129$lBLL01$h1955
=CAT  \\$aBATCH-FIX$c20160124$lBLL01$h1228
=CAT  \\$aBATCH-FIX$c20160125$lBLL01$h1512
=CAT  \\$aBATCH-DCW$b00$c20160710$lBLL01$h1005
=CAT  \\$aBATCH-DCW$c20160713$lBLL01$h1618
=CAT  \\$aW1807-0595$c20180717$lBLL01$h1728
=CAT  \\$a1805-0738$c20181228$lBLL01$h1817
=CAT  \\$a1805-0738$b00$c20181228$lBLL01$h1904
=CAT  \\$aW1910-0531$b00$c20191108$lBLL01$h1810
=CAT  \\$a14185$b40$c20200306$lBLL01$h1214
=FIN  \\$aY$d20081114
=LKR  \\$aPAR$lBLL01$r776$b000241330$mThe Elder Brother: a Comedie ... Written by F. Beaumont and J. Fletcher [or more probably written by Fletcher, and revised by Massinger] ... The second edition, corrected and amended.$nThe Elder Brother: a Comedie ... Written by F. Beaumont and J. Fletcher [or more probably written by Fletcher, and revised by Massinger] ... The second edition, corrected and amended.
=DGM  \\$a000241330$bCatBridge variable field
=DRT  \\$aMSD
=DRT  \\$aGOOGLEBOOKS
=SRC  \\$aGOOGLEBOOKS$bGoogleBooks_20150922
=SRC  \\$aMSD$bMSBooks_20160709
=SRC  \\$aMSD$bMSDIG_000050
=LAS  \\$a14185$b40$c20200306$lBLL01$h1214

