=LDR  02319 am a22006253  4500
=001  014804896
=003  Uk
=005  20191108181037.0
=007  cr\mn\024mpadp
=007  cr\mn\024mpada
=008  880616|1634||||enk\\\\|s\\\\\|||\||eng\\
=FMT  \\$a  BK
=040  \\$aUk$cUk
=100  1\$aBeaumont, Francis,$d1584-1616.
=240  10$aSingle Works
=245  10$a[Philaster, 1622.]$h[electronic resource]
=264  \1$aLondon :$bW. J. for Richard Hawkins,$c1634.
=300  \\$a70 pages ;$c(4º)
=336  \\$atext$2rdacontent
=337  \\$acomputer$2rdamedia
=338  \\$aonline resource$2rdacarrier
=340  \\$m4to$2rdabf
=787  0\$tPhilaster, 1622.$w(Uk)MP1.0000263911$dMenston: Scolar Press, 1970. SBN 85417 318 8 8, 78, 14 p.; illus. 23 cm.
=856  41$uhttp://books.google.co.uk/books?vid=BL:A0020150490$yGoogle_Books
=859  \\$aXLD$bMS Digitised
=859  \\$aXLD$bMSD
=859  \\$aXLD$bGOOGLEBOOKS
=852  4\$aBritish Library$bHMNTS$cDRT$jDigital Store 644.d.19.$3The fourth impression.
=985  \\$aUpgraded by BSS-generated file for WR1910-0531
=CAT  \\$aBATCH-MSDN$b00$c20081114$lBLL01$h2143
=CAT  \\$aBATCH-UPD$b00$c20081114$lBLL01$h2227
=CAT  \\$aBATCH$b00$c20081115$lBLL01$h1541
=CAT  \\$aBATCH-UPD$b00$c20100501$lBLL01$h0035
=CAT  \\$aWR13.117$c20130720$lBLL01$h1903
=CAT  \\$aWR14.046$c20140417$lBLL01$h1709
=CAT  \\$aWR13.144/5$c20140418$lBLL01$h1004
=CAT  \\$aBATCH-DCW$b00$c20150924$lBLL01$h0205
=CAT  \\$aWR14_057$b00$c20151129$lBLL01$h1955
=CAT  \\$aBATCH-FIX$c20160124$lBLL01$h1228
=CAT  \\$aBATCH-FIX$c20160125$lBLL01$h1512
=CAT  \\$aBATCH-DCW$b00$c20160710$lBLL01$h1005
=CAT  \\$aBATCH-DCW$c20160713$lBLL01$h1618
=CAT  \\$aW1807-0595$c20180717$lBLL01$h1728
=CAT  \\$a1805-0738$c20181228$lBLL01$h1817
=CAT  \\$a1805-0738$b00$c20181228$lBLL01$h1904
=CAT  \\$aW1910-0531$b00$c20191108$lBLL01$h1810
=FIN  \\$aY$d20081114
=LKR  \\$aPAR$lBLL01$r776$b000241403$m[Philaster, 1622.]$n[Philaster, 1622.]
=DGM  \\$a000241403$bCatBridge variable field
=DRT  \\$aMSD
=DRT  \\$aGOOGLEBOOKS
=SRC  \\$aGOOGLEBOOKS$bGoogleBooks_20150923
=SRC  \\$aMSD$bMSBooks_20160709
=SRC  \\$aMSD$bMSDIG_000050
=LAS  \\$aW1910-0531$b00$c20191108$lBLL01$h1810

