=LDR  03191 am a22006733  4500
=001  014804903
=003  Uk
=005  20081114214348.0
=007  cr\mn\024mpadp
=007  cr\mn\024mpada
=008  950301|1648|||||||\\\\|s\\\\\|||\||eng\\
=FMT  \\$a  BK
=040  \\$aUk$cUk
=100  1\$aBeaumont, Francis,$d1584-1616.
=240  10$aSingle Works
=245  10$a[The Tragedy of Thierry King of France, and his Brother Theodoret, etc. [By F. Beaumont and J. Fletcher, and probably revised by Massinger.] [In five acts and in verse.]]$h[electronic resource]
=250  \\$a[Another edition.] Written by John Fletcher Gent. [or rather, by Beaumont and Fletcher.]
=264  \1$c1648.
=300  \\$c(4º)
=336  \\$atext$2rdacontent
=337  \\$acomputer$2rdamedia
=338  \\$aonline resource$2rdacarrier
=340  \\$m4to$2rdabf
=700  1\$aFLETCHER, John,$cDramatist.
=720  \\$aTHEODORIC II., King of Burgundy and Austrasia
=787  0\$tThe Tragedy of Thierry King of France, and his Brother Theodoret, etc. [By F. Beaumont and J. Fletcher, and probably revised by Massinger.] [In five acts and in verse.]$w(Uk)MP1.0000263939$d1621. 4º.
=886  2\$2blmarc$a709$b00$aFLETCHER$hJohn$fDramatist$p841.b.1.$p644.d.5.$p644.e.4.$p644.d.24.$x110780126
=886  2\$2blmarc$a709$b00$aTHEODORIC II., King of Burgundy and Austrasia$p841.b.1.$p644.d.5.$p644.e.4.$p644.d.24.$x3233570082
=856  41$uhttp://books.google.co.uk/books?vid=BL:A0020150508$yGoogle_Books
=859  \\$aXLD$bMS Digitised
=859  \\$aXLD$bMSD
=859  \\$aXLD$bGOOGLEBOOKS
=852  4\$aBritish Library$bHMNTS$cDRT$jDigital Store 644.e.4.
=985  \\$aCorrected by MS generated file for WR# 1805-0738
=CAT  \\$aBATCH-MSDN$b00$c20081114$lBLL01$h2143
=CAT  \\$aBATCH-UPD$b00$c20081114$lBLL01$h2227
=CAT  \\$aBATCH$b00$c20081115$lBLL01$h1541
=CAT  \\$aBATCH-UPD$b00$c20100501$lBLL01$h0035
=CAT  \\$aWR13.117$c20130720$lBLL01$h1903
=CAT  \\$aWR14.046$c20140417$lBLL01$h1709
=CAT  \\$aWR13.144/5$c20140418$lBLL01$h1004
=CAT  \\$aBATCH-DCW$b00$c20150923$lBLL01$h0207
=CAT  \\$aWR14_057$b00$c20151129$lBLL01$h1955
=CAT  \\$aBATCH-FIX$c20160124$lBLL01$h1228
=CAT  \\$aBATCH-FIX$c20160125$lBLL01$h1512
=CAT  \\$aBATCH-DCW$b00$c20160710$lBLL01$h1005
=CAT  \\$aBATCH-DCW$c20160713$lBLL01$h1618
=CAT  \\$aW1807-0595$c20180717$lBLL01$h1728
=CAT  \\$a1805-0738$c20181228$lBLL01$h1817
=CAT  \\$a1805-0738$b00$c20181228$lBLL01$h1904
=FIN  \\$aY$d20081114
=LKR  \\$aPAR$lBLL01$r776$b000241474$m[The Tragedy of Thierry King of France, and his Brother Theodoret, etc. [By F. Beaumont and J. Fletcher, and probably revised by Massinger.] [In five acts and in verse.]]$n[The Tragedy of Thierry King of France, and his Brother Theodoret, etc. [By F. Beaumont and J. Fletcher, and probably revised by Massinger.] [In five acts and in verse.]]
=DGM  \\$a000241474$bCatBridge variable field
=DRT  \\$aMSD
=DRT  \\$aGOOGLEBOOKS
=SRC  \\$aGOOGLEBOOKS$bGoogleBooks_20150922
=SRC  \\$aMSD$bMSBooks_20160709
=SRC  \\$aMSD$bMSDIG_000050
=LAS  \\$a1805-0738$b00$c20181228$lBLL01$h1904

