=LDR  03173 am a22007093  4500
=001  014804967
=003  Uk
=005  20200306122735.0
=007  cr\mn\024mpadp
=007  cr\mn\024mpada
=008  920511|1690||||enk\\\\|s\\\\\|||\||eng\\
=FMT  \\$a  BK
=040  \\$aUk$beng$cUk
=100  1\$aBehn, Aphra,$d1640-1689.
=245  14$aThe Widdow Ranter, or, the History of Bacon in Virginia. A tragi-comedy. [The editor's preface signed: G. J.]$h[electronic resource]
=264  \1$aLondon :$bJames Knapton,$c1690.
=300  \\$a56 pages ;$c(4º)
=336  \\$atext$2rdacontent
=337  \\$acomputer$2rdamedia
=338  \\$aonline resource$2rdacarrier
=340  \\$m4to$2rdabf
=500  \\$a"Prologue by Mr. Dryden". The same prologue occurs in editions of "The true widow", by Thomas Shadwell.
=655  \7$aTragicomedies$2fast$0(OCoLC)fst01922573
=700  1\$aDryden, John,$d1631-1700.$tWorks edited or adapted by Dryden, or containing prologues, epilogues, or other contributions by him.
=700  1\$aJ., G.
=886  2\$2blmarc$a709$b00$aDRYDEN$hJohn$tWorks edited or adapted by Dryden, or containing prologues, epilogues, or other contributions by him$p644.g.18.$x0873810082
=886  2\$2blmarc$a709$b00$aJ.$hG.$p644.g.18.$x1620010011
=856  41$uhttp://books.google.co.uk/books?vid=BL:A0020150538$yGoogle_Books
=859  \\$aXLD$bMS Digitised
=859  \\$aXLD$bMSD
=859  \\$aXLD$bGOOGLEBOOKS
=852  4\$aBritish Library$bHMNTS$cDRT$jDigital Store 644.g.18.
=985  \\$aEnhanced during collaborative project with UCL (course BASC0033). 2019-20.
=985  \\$aUpgraded by BSS-generated file for WR1910-0531
=CAT  \\$aBATCH-MSDN$b00$c20081114$lBLL01$h2143
=CAT  \\$aBATCH-UPD$b00$c20081114$lBLL01$h2229
=CAT  \\$aBATCH$b00$c20081115$lBLL01$h1541
=CAT  \\$aBATCH-UPD$b00$c20100501$lBLL01$h0035
=CAT  \\$aWR13.117$c20130720$lBLL01$h1903
=CAT  \\$aWR14.046$c20140417$lBLL01$h1709
=CAT  \\$aWR13.144/5$c20140418$lBLL01$h1004
=CAT  \\$aBATCH-DCW$b00$c20150925$lBLL01$h0206
=CAT  \\$aBATCH-UPD$b00$c20150925$lBLL01$h0208
=CAT  \\$aWR14_057$b00$c20151129$lBLL01$h1955
=CAT  \\$aBATCH-FIX$c20160124$lBLL01$h1228
=CAT  \\$aBATCH-FIX$c20160125$lBLL01$h1512
=CAT  \\$aBATCH-DCW$b00$c20160710$lBLL01$h1005
=CAT  \\$aBATCH-DCW$c20160713$lBLL01$h1618
=CAT  \\$aW1807-0595$c20180717$lBLL01$h1728
=CAT  \\$a1805-0738$c20181228$lBLL01$h1817
=CAT  \\$a1805-0738$b00$c20181228$lBLL01$h1904
=CAT  \\$aW1910-0531$b00$c20191108$lBLL01$h1810
=CAT  \\$a14185$b40$c20200306$lBLL01$h1227
=FIN  \\$aY$d20081114
=LKR  \\$aPAR$lBLL01$r776$b000252228$mThe Widdow Ranter, or, the History of Bacon in Virginia. A tragi-comedy. [The editor's preface signed: G. J.]$nThe Widdow Ranter, or, the History of Bacon in Virginia. A tragi-comedy. [The editor's preface signed: G. J.]
=DGM  \\$a000252228$bCatBridge variable field
=DRT  \\$aMSD
=DRT  \\$aGOOGLEBOOKS
=SRC  \\$aGOOGLEBOOKS$bGoogleBooks_20150924
=SRC  \\$aMSD$bMSBooks_20160709
=SRC  \\$aMSD$bMSDIG_000050
=LAS  \\$a14185$b40$c20200306$lBLL01$h1227

