=LDR  02429 am a22006013  4500
=001  014805785
=003  Uk
=005  20200306121909.0
=007  cr\mn\024mpadp
=007  cr\mn\024mpada
=008  970117|1690||||enk\\\\|s\\\\\|||\||eng\\
=FMT  \\$a  BK
=040  \\$aUk$beng$cUk
=100  1\$aBoyle, Roger,$cEarl of Orrery,$d1621-1679.
=245  14$aThe History of Henry the Fifth. And the Tragedy of Mustapha, son of Solyman the Magnificent, etc.$h[electronic resource]
=264  \1$aLondon :$bH. Herringman,$c1690.
=300  \\$a106 pages ;$c(folio)
=336  \\$atext$2rdacontent
=337  \\$acomputer$2rdamedia
=338  \\$aonline resource$2rdacarrier
=340  \\$mfolio$2rdabf
=655  \7$aTragedies (Drama)$2fast$0(OCoLC)fst01921740
=859  \\$aXLD$bGOOGLEBOOKS
=859  \\$aXLD$bMS Digitised
=859  \\$aXLD$bMSD
=856  41$uhttp://books.google.com/books?vid=BL:A0021472975$yGoogle_Books
=852  4\$cDRT$jDigital Store 11771.l.13.$aBritish Library$bHMNTS
=985  \\$aEnhanced during collaborative project with UCL (course BASC0033). 2019-20.
=985  \\$aUpgraded by BSS-generated file for WR1910-0531
=CAT  \\$aBATCH-MSDN$b00$c20081114$lBLL01$h2144
=CAT  \\$aBATCH$b00$c20081115$lBLL01$h1542
=CAT  \\$aBATCH-UPD$b00$c20100501$lBLL01$h0035
=CAT  \\$aWR13.117$c20130720$lBLL01$h1903
=CAT  \\$aWR14.046$c20140417$lBLL01$h1709
=CAT  \\$aWR13.144/5$c20140418$lBLL01$h1005
=CAT  \\$aBATCH-DCW$b00$c20160710$lBLL01$h1005
=CAT  \\$aBATCH-DCW$b00$c20160713$lBLL01$h0214
=CAT  \\$a5100$b40$c20160929$lBLL01$h0939
=CAT  \\$aWR14_057$b00$c20170504$lBLL01$h1839
=CAT  \\$aW1807-0595$c20180717$lBLL01$h1728
=CAT  \\$a1805-0738$c20181228$lBLL01$h1817
=CAT  \\$a1805-0738$b00$c20181228$lBLL01$h1904
=CAT  \\$aW1910-0531$b00$c20191108$lBLL01$h1810
=CAT  \\$a14185$b40$c20200306$lBLL01$h1219
=FIN  \\$aY$d20081114
=LKR  \\$aPAR$lBLL01$r776$b000444038$mThe History of Henry the Fifth. And the Tragedy of Mustapha, son of Solyman the Magnificent, etc.$nThe History of Henry the Fifth. And the Tragedy of Mustapha, son of Solyman the Magnificent, etc.
=DGM  \\$a000444038$bCatBridge variable field
=DRT  \\$aGOOGLEBOOKS
=DRT  \\$aMSD
=SRC  \\$aGOOGLEBOOKS$bGoogleBooks_20160712
=SRC  \\$aMSD$bMSBooks_20160709
=SRC  \\$aMSD$bMSDIG_000050
=LAS  \\$a14185$b40$c20200306$lBLL01$h1219

