=LDR  02791 am a22006733  4500
=001  014807448
=003  Uk
=005  20200306121954.0
=007  cr\mn\024mpadp
=007  cr\mn\024mpada
=008  950419|1646||||enk\\\\|s\\\\\|||\||eng\\
=FMT  \\$a  BK
=040  \\$aUk$beng$cUk
=100  1\$aCLERMONT DE BUSSY D'AMBOISE, Louis de.
=245  10$aBussy d'Ambois: a tragedie, etc.$h[electronic resource]
=264  \1$aLondon :$bT. W [Thomas Warren] for Robert Lunne,$c1646.
=300  \\$c(4º)
=336  \\$atext$2rdacontent
=337  \\$acomputer$2rdamedia
=338  \\$aonline resource$2rdacarrier
=340  \\$m4to$2rdabf
=655  \7$aTragedies (Drama)$2fast$0(OCoLC)fst01921740
=700  1\$aChapman, George,$d1559?-1634.$tSingle Works.
=787  0\$tBussy D'Ambois: a tragedie, etc. [By George Chapman.]$w(Uk)MP1.0000762346$dLondon, 1607. 4º.
=886  2\$2blmarc$a709$b00$aCHAPMAN$hGeorge$fthe Poet$tSingle Works$pAshley375.$x0583850057$pC.12.g.5.(1.)$x0583850065$pMic.A.500.$x0583850065$p644.d.41.$x0583850065$p644.d.42.$x0583850065$p644.d.43.$x0583850065
=856  41$uhttp://books.google.co.uk/books?vid=BL:A0020150498$yGoogle_Books
=859  \\$aXLD$bMS Digitised
=859  \\$aXLD$bMSD
=859  \\$aXLD$bGOOGLEBOOKS
=852  4\$aBritish Library$bHMNTS$cDRT$jDigital Store 644.d.43.$3[A reissue.]
=985  \\$aEnhanced during collaborative project with UCL (course BASC0033). 2019-20.
=985  \\$aUpgraded by BSS-generated file for WR1910-0531
=CAT  \\$aBATCH-MSDN$b00$c20081114$lBLL01$h2145
=CAT  \\$aBATCH$b00$c20081115$lBLL01$h1543
=CAT  \\$aBATCH-UPD$b00$c20100501$lBLL01$h0036
=CAT  \\$aWR13.117$c20130720$lBLL01$h1904
=CAT  \\$aWR14.046$c20140417$lBLL01$h1710
=CAT  \\$aWR13.144/5$c20140418$lBLL01$h1005
=CAT  \\$aBATCH-DCW$b00$c20150924$lBLL01$h0205
=CAT  \\$aBATCH-UPD$b00$c20150924$lBLL01$h0207
=CAT  \\$aWR14_057$b00$c20151129$lBLL01$h1956
=CAT  \\$aBATCH-FIX$c20160124$lBLL01$h1228
=CAT  \\$aBATCH-FIX$c20160125$lBLL01$h1512
=CAT  \\$aBATCH-DCW$b00$c20160710$lBLL01$h1005
=CAT  \\$aBATCH-DCW$c20160713$lBLL01$h1618
=CAT  \\$aW1807-0595$c20180717$lBLL01$h1728
=CAT  \\$a1805-0738$c20181228$lBLL01$h1818
=CAT  \\$a1805-0738$b00$c20181228$lBLL01$h1904
=CAT  \\$aW1910-0531$b00$c20191108$lBLL01$h1810
=CAT  \\$a14185$b40$c20200306$lBLL01$h1219
=FIN  \\$aY$d20081114
=LKR  \\$aPAR$lBLL01$r776$b000724435$mBussy d'Ambois: a tragedie, etc.$nBussy d'Ambois: a tragedie, etc.
=DGM  \\$a000724435$bCatBridge variable field
=DRT  \\$aMSD
=DRT  \\$aGOOGLEBOOKS
=SRC  \\$aGOOGLEBOOKS$bGoogleBooks_20150923
=SRC  \\$aMSD$bMSBooks_20160709
=SRC  \\$aMSD$bMSDIG_000050
=LAS  \\$a14185$b40$c20200306$lBLL01$h1219

