=LDR  02330 am a22006253  4500
=001  014807576
=003  Uk
=005  20200306101328.0
=007  cr\mn\024mpadp
=007  cr\mn\024mpada
=008  880308|1657||||enk\\\\|s\\\\\|||\||eng\\
=FMT  \\$a  BK
=040  \\$aUk$beng$cUk
=100  1\$aCOKAYNE, Aston,$cSir,$cBart.
=245  14$aThe Obstinate Lady; a new comedy, etc.$h[electronic resource]
=264  \1$aLondon :$bW. Godbid for Isaac Pridmore,$c1657.
=300  \\$c(4º)
=336  \\$atext$2rdacontent
=337  \\$acomputer$2rdamedia
=338  \\$aonline resource$2rdacarrier
=340  \\$m4to$2rdabf
=655  \7$aComedy plays$2fast$0(OCoLC)fst01921567
=856  41$uhttp://books.google.co.uk/books?vid=BL:A0020150501$yGoogle_Books
=859  \\$aXLD$bMS Digitised
=859  \\$aXLD$bMSD
=859  \\$aXLD$bGOOGLEBOOKS
=852  4\$aBritish Library$bHMNTS$cDRT$jDigital Store 644.d.55.
=985  \\$aEnhanced during collaborative project with UCL (course BASC0033). 2019-20.
=985  \\$aUpgraded by BSS-generated file for WR1910-0531
=CAT  \\$aBATCH-MSDN$b00$c20081114$lBLL01$h2145
=CAT  \\$aBATCH$b00$c20081115$lBLL01$h1543
=CAT  \\$aBATCH-UPD$b00$c20100501$lBLL01$h0036
=CAT  \\$aWR13.117$c20130720$lBLL01$h1904
=CAT  \\$aWR14.046$c20140417$lBLL01$h1710
=CAT  \\$aWR13.144/5$c20140418$lBLL01$h1005
=CAT  \\$aBATCH-DCW$b00$c20150923$lBLL01$h0207
=CAT  \\$aWR14_057$b00$c20151129$lBLL01$h1956
=CAT  \\$aBATCH-FIX$c20160124$lBLL01$h1228
=CAT  \\$aBATCH-FIX$c20160125$lBLL01$h1512
=CAT  \\$aBATCH-DCW$b00$c20160710$lBLL01$h1005
=CAT  \\$aBATCH-DCW$c20160713$lBLL01$h1618
=CAT  \\$aW1807-0595$c20180717$lBLL01$h1728
=CAT  \\$a1805-0738$c20181228$lBLL01$h1818
=CAT  \\$a1805-0738$b00$c20181228$lBLL01$h1904
=CAT  \\$aW1910-0531$b00$c20191108$lBLL01$h1810
=CAT  \\$a14185$b40$c20200306$lBLL01$h1013
=FIN  \\$aY$d20081114
=LKR  \\$aPAR$lBLL01$r776$b000738456$mThe Obstinate Lady; a new comedy, etc.$nThe Obstinate Lady; a new comedy, etc.
=DGM  \\$a000738456$bCatBridge variable field
=DRT  \\$aMSD
=DRT  \\$aGOOGLEBOOKS
=SRC  \\$aGOOGLEBOOKS$bGoogleBooks_20150922
=SRC  \\$aMSD$bMSBooks_20160709
=SRC  \\$aMSD$bMSDIG_000050
=LAS  \\$a14185$b40$c20200306$lBLL01$h1013

