=LDR  03259cam a22007093  4500
=001  014808077
=003  Uk
=005  20220615170746.0
=007  cr\mn\024mpadp
=007  cr\mn\024mpada
=008  970326|1675||||enk\\\\|s\\\\\|||\||eng\\
=FMT  \\$a  BK
=040  \\$aUk$beng$cUk
=100  1\$aCowley, Abraham,$d1618-1667.
=240  10$aDoubtful or Supposititious Works
=245  10$a[The foure ages of England: or, The iron age. With other select poems. Written by Mr. A. Cowley. [The dedication signed: Φιλοκάρλο.]]$h[electronic resource]
=264  \1$aLondon :$bprinted by J. C. for Tho. Dring, Joh. Leigh,$c1675.
=300  \\$a88 pages ;$c(8º)
=336  \\$atext$2rdacontent
=337  \\$acomputer$2rdamedia
=338  \\$aonline resource$2rdacarrier
=340  \\$m8vo$2rdabf
=500  \\$aAnonymous. The dedication signed as before.
=655  \7$aPoetry$2fast$0(OCoLC)fst01423828
=710  1\$aEngland.$tAppendix. Miscellaneous
=787  0\$tThe foure ages of England: or, The iron age. With other select poems. Written by Mr. A. Cowley. [The dedication signed: Φιλοκάρλο.]$w(Uk)MP1.0000852880$d1648. pp. 70. 8º.
=886  2\$2blmarc$a709$b00$aENGLAND$tAppendix$tMiscellaneous$p1077.k.18.$x1004770111
=856  41$uhttp://books.google.com/books?vid=BL:A0021163414$yGoogle_Books
=859  \\$aXLD$bGOOGLEBOOKS
=859  \\$aXLD$bMS Digitised
=859  \\$aXLD$bMSD
=852  4\$cDRT$jDigital Store 1077.k.18.$aBritish Library$bHMNTS
=985  \\$aEnhanced during collaborative project with UCL (course BASC0033). 2019-20.
=985  \\$aUpgraded by BSS-generated file for WR1910-0531
=985  \\$aCorrected by MS generated file for WR# 2206-0922 (250 field removed)
=CAT  \\$aBATCH-MSDN$b00$c20081114$lBLL01$h2145
=CAT  \\$aBATCH$b00$c20081115$lBLL01$h1543
=CAT  \\$aBATCH-UPD$b00$c20100501$lBLL01$h0036
=CAT  \\$aWR13.117$c20130720$lBLL01$h1904
=CAT  \\$aWR14.046$c20140417$lBLL01$h1710
=CAT  \\$aWR13.144/5$c20140418$lBLL01$h1005
=CAT  \\$aWR11_211$c20141230$lBLL01$h1737
=CAT  \\$aBLSS-CORR$b00$c20141230$lBLL01$h1742
=CAT  \\$aBATCH-DCW$b00$c20160710$lBLL01$h1005
=CAT  \\$a11814$b40$c20170406$lBLL01$h1208
=CAT  \\$aWR14_057$b00$c20170504$lBLL01$h1839
=CAT  \\$aW1807-0595$c20180717$lBLL01$h1728
=CAT  \\$aBATCH-DCW$b00$c20181205$lBLL01$h0205
=CAT  \\$a1805-0738$c20190121$lBLL01$h1741
=CAT  \\$a1805-0738$b00$c20190121$lBLL01$h1744
=CAT  \\$aW1910-0531$b00$c20191108$lBLL01$h1810
=CAT  \\$a14185$b40$c20200304$lBLL01$h1407
=CAT  \\$aW2206-0922$c20220615$lBLL01$h1707
=FIN  \\$aY$d20081114
=LKR  \\$aPAR$lBLL01$r776$b000805491$m[The foure ages of England: or, The iron age. With other select poems. Written by Mr. A. Cowley. [The dedication signed: Φιλοκάρλο.]]$n[The foure ages of England: or, The iron age. With other select poems. Written by Mr. A. Cowley. [The dedication signed: Φιλοκάρλο.]]
=DGM  \\$a000805491$bCatBridge variable field
=DRT  \\$aGOOGLEBOOKS
=DRT  \\$aMSD
=SRC  \\$aGOOGLEBOOKS$bGoogleBooks_20181204
=SRC  \\$aMSD$bMSBooks_20160709
=SRC  \\$aMSD$bMSDIG_000050
=LAS  \\$aW2206-0922$b00$c20220615$lBLL01$h1707

