=LDR  03065cam a22006973  4500
=001  014809475
=003  Uk
=005  20220615170747.0
=007  cr\mn\024mpadp
=007  cr\mn\024mpada
=008  040407s1687\\\\enk\\\\|s\\\\\|||\||eng\\
=FMT  \\$a  BK
=040  \\$aUk$beng$cUk
=100  1\$aDryden, John,$d1631-1700.
=240  10$aSingle Works. The Duke of Guise
=245  10$a[The Duke of Guise. A tragedy. Acted by their Majesties Servants. Written by Mr. Dryden, and Mr. Lee.]$h[electronic resource]
=264  \1$aLondon :$bR. Bentley; J. Tonson; printed by R. E,$c1687.
=300  \\$a64 pages ;$c(4º)
=336  \\$atext$2rdacontent
=337  \\$acomputer$2rdamedia
=338  \\$aonline resource$2rdacarrier
=340  \\$m4to$2rdabf
=655  \7$aTragedies (Drama)$2fast$0(OCoLC)fst01921740
=787  0\$tThe Duke of Guise. A tragedy. Acted by their Majesties Servants. Written by Mr. Dryden, and Mr. Lee.$w(Uk)MP1.0001039544$dLondon: R. Bentley; J. Tonson; printed by T. H., 1683. pp. 76; music. 4º.
=856  41$uhttp://books.google.co.uk/books?vid=BL:A0020150399$yGoogle_Books
=859  \\$aXLD$bMS Digitised
=859  \\$aXLD$bMSD
=859  \\$aXLD$bGOOGLEBOOKS
=852  4\$aBritish Library$bHMNTS$cDRT$jDigital Store 643.h.18.(4.)
=985  \\$aEnhanced during collaborative project with UCL (course BASC0033). 2019-20.
=985  \\$aCorrected by MS generated file for WR# 11/211
=985  \\$aCorrected by MS generated file for WR# 1805-0738
=985  \\$aCorrected by MS generated file for WR# 2206-0922 (250 field removed)
=CAT  \\$aBATCH-MSDN$b00$c20081114$lBLL01$h2146
=CAT  \\$aBATCH-UPD$b00$c20081115$lBLL01$h0040
=CAT  \\$aBATCH$b00$c20081115$lBLL01$h1544
=CAT  \\$aBATCH-UPD$b00$c20100501$lBLL01$h0036
=CAT  \\$aWR13.117$c20130720$lBLL01$h1905
=CAT  \\$aWR14.046$c20140417$lBLL01$h1710
=CAT  \\$aWR13.144/5$c20140418$lBLL01$h1006
=CAT  \\$aWR11_211$c20141230$lBLL01$h1737
=CAT  \\$aBLSS-CORR$b00$c20141230$lBLL01$h1742
=CAT  \\$aBATCH-DCW$b00$c20150915$lBLL01$h0238
=CAT  \\$aWR14_057$b00$c20151129$lBLL01$h1957
=CAT  \\$aBATCH-FIX$c20160124$lBLL01$h1228
=CAT  \\$aBATCH-FIX$c20160125$lBLL01$h1512
=CAT  \\$aBATCH-DCW$b00$c20160710$lBLL01$h1005
=CAT  \\$aBATCH-DCW$c20160713$lBLL01$h1618
=CAT  \\$a1805-0738$c20181228$lBLL01$h1818
=CAT  \\$a1805-0738$b00$c20181228$lBLL01$h1905
=CAT  \\$a14185$b40$c20200306$lBLL01$h1221
=CAT  \\$aW2206-0922$c20220615$lBLL01$h1707
=FIN  \\$aY$d20081114
=LKR  \\$aPAR$lBLL01$r776$b000987706$m[The Duke of Guise. A tragedy. Acted by their Majesties Servants. Written by Mr. Dryden, and Mr. Lee.]$n[The Duke of Guise. A tragedy. Acted by their Majesties Servants. Written by Mr. Dryden, and Mr. Lee.]
=DGM  \\$a000987706$bCatBridge variable field
=DRT  \\$aMSD
=DRT  \\$aGOOGLEBOOKS
=SRC  \\$aGOOGLEBOOKS$bGoogleBooks_20150914
=SRC  \\$aMSD$bMSBooks_20160709
=SRC  \\$aMSD$bMSDIG_000050
=LAS  \\$aW2206-0922$b00$c20220615$lBLL01$h1707

