=LDR  03062 am a22007093  4500
=001  014809486
=003  Uk
=005  20200306104206.0
=007  cr\mn\024mpadp
=007  cr\mn\024mpada
=008  880603|1695||||enk\\\\|s\\\\\|||\||eng\\
=FMT  \\$a  BK
=040  \\$aUk$beng$cUk
=100  1\$aDryden, John,$d1631-1700.
=240  10$aSingle Works. Oedipus
=245  10$a[Oedipus: a tragedy. As it is acted at His Royal Highness the Duke's Theatre. The authors Mr. Dryden, and Mr. Lee.]$h[electronic resource]
=250  \\$aThe fifth edition.
=264  \1$aLondon :$bprinted for Tho. Chapman,$c[1695?]
=300  \\$a65 pages ;$c(4º)
=336  \\$atext$2rdacontent
=337  \\$acomputer$2rdamedia
=338  \\$aonline resource$2rdacarrier
=340  \\$m4to$2rdabf
=655  \7$aDrama$2fast$0(OCoLC)fst01423879
=655  \7$aTragedies (Drama)$2fast$0(OCoLC)fst01921740
=787  0\$tOedipus: a tragedy. As it is acted at His Royal Highness the Duke's Theatre. The authors Mr. Dryden, and Mr. Lee.$w(Uk)MP1.0001039601$dLondon: printed for R. Bentley & M. Magnes, 1679. pp. 78. 4º.
=856  41$uhttp://books.google.co.uk/books?vid=BL:A0020150552$yGoogle_Books
=859  \\$aXLD$bMS Digitised
=859  \\$aXLD$bMSD
=859  \\$aXLD$bGOOGLEBOOKS
=852  4\$aBritish Library$bHMNTS$cDRT$jDigital Store 644.g.85.
=985  \\$aEnhanced during collaborative project with UCL (course BASC0033). 2019-20.
=985  \\$aUpgraded by BSS-generated file for WR1910-0531
=CAT  \\$aBATCH-MSDN$b00$c20081114$lBLL01$h2146
=CAT  \\$aBATCH-UPD$b00$c20081115$lBLL01$h0041
=CAT  \\$aBATCH$b00$c20081115$lBLL01$h1544
=CAT  \\$aBATCH-UPD$b00$c20100501$lBLL01$h0036
=CAT  \\$aWR13.117$c20130720$lBLL01$h1905
=CAT  \\$aWR14.046$c20140417$lBLL01$h1710
=CAT  \\$aWR13.144/5$c20140418$lBLL01$h1006
=CAT  \\$aWR11_211$c20141230$lBLL01$h1737
=CAT  \\$aBLSS-CORR$b00$c20141230$lBLL01$h1742
=CAT  \\$aBATCH-DCW$b00$c20150923$lBLL01$h0207
=CAT  \\$aWR14_057$b00$c20151129$lBLL01$h1957
=CAT  \\$aBATCH-FIX$c20160124$lBLL01$h1228
=CAT  \\$aBATCH-FIX$c20160125$lBLL01$h1512
=CAT  \\$aBATCH-DCW$b00$c20160710$lBLL01$h1005
=CAT  \\$aBATCH-DCW$c20160713$lBLL01$h1618
=CAT  \\$aW1807-0595$c20180717$lBLL01$h1728
=CAT  \\$a1805-0738$c20181228$lBLL01$h1818
=CAT  \\$a1805-0738$b00$c20181228$lBLL01$h1905
=CAT  \\$aW1910-0531$b00$c20191108$lBLL01$h1810
=CAT  \\$a14185$b40$c20200306$lBLL01$h1042
=FIN  \\$aY$d20081114
=LKR  \\$aPAR$lBLL01$r776$b000987813$m[Oedipus: a tragedy. As it is acted at His Royal Highness the Duke's Theatre. The authors Mr. Dryden, and Mr. Lee.]$n[Oedipus: a tragedy. As it is acted at His Royal Highness the Duke's Theatre. The authors Mr. Dryden, and Mr. Lee.]
=DGM  \\$a000987813$bCatBridge variable field
=DRT  \\$aMSD
=DRT  \\$aGOOGLEBOOKS
=SRC  \\$aGOOGLEBOOKS$bGoogleBooks_20150922
=SRC  \\$aMSD$bMSBooks_20160709
=SRC  \\$aMSD$bMSDIG_000050
=LAS  \\$a14185$b40$c20200306$lBLL01$h1042

