=LDR  03673cam a22007333  4500
=001  014809491
=003  Uk
=005  20220907113955.0
=007  cr\mn\024mpadp
=007  cr\mn\024mpada
=008  880603|1697||||enk\\\\|s\\\\\|||\||eng\\
=FMT  \\$a  BK
=040  \\$aUk$beng$cUk
=100  1\$aDryden, John,$d1631-1700.
=240  10$aSingle Works. Sir Martin Mar-all
=245  10$a[Sr Martin Mar-all, or The feign'd innocence: a comedy. As it was acted at His Highnesse the Duke of York's Theatre. [By John Dryden, writing from a draft by William Cavendish, Duke of Newcastle, or by Dryden and Cavendish together.]]$h[electronic resource]
=264  \1$aLondon :$bHenry Herringman; printed by T. Warren,$c1697.
=300  \\$a54 pages ;$c(4º)
=336  \\$atext$2rdacontent
=337  \\$acomputer$2rdamedia
=338  \\$aonline resource$2rdacarrier
=340  \\$m4to$2rdabf
=500  \\$aBy John Dryden.
=655  \7$aDrama$2fast$0(OCoLC)fst01423879
=655  \7$aComedy plays$2fast$0(OCoLC)fst01921567
=787  0\$tSr Martin Mar-all, or The feign'd innocence: a comedy. As it was acted at His Highnesse the Duke of York's Theatre. [By John Dryden, writing from a draft by William Cavendish, Duke of Newcastle, or by Dryden and Cavendish together.]$w(Uk)MP1.0001039625$dLondon: printed for H. Herringman, 1668. pp. 70. 4º.
=856  41$uhttp://books.google.co.uk/books?vid=BL:A0020150551$yGoogle_Books
=859  \\$aXLD$bMS Digitised
=859  \\$aXLD$bMSD
=859  \\$aXLD$bGOOGLEBOOKS
=852  4\$aBritish Library$bHMNTS$cDRT$jDigital Store 644.g.79.
=985  \\$aEnhanced during collaborative project with UCL (course BASC0033). 2019-20.
=985  \\$aUpgraded by BSS-generated file for WR1910-0531
=985  \\$aFormer 250 field split into notes fields for WR#2209-0443
=CAT  \\$aBATCH-MSDN$b00$c20081114$lBLL01$h2146
=CAT  \\$aBATCH-UPD$b00$c20081115$lBLL01$h0041
=CAT  \\$aBATCH$b00$c20081115$lBLL01$h1544
=CAT  \\$aBATCH-UPD$b00$c20100501$lBLL01$h0036
=CAT  \\$aWR13.117$c20130720$lBLL01$h1905
=CAT  \\$aWR14.046$c20140417$lBLL01$h1710
=CAT  \\$aWR13.144/5$c20140418$lBLL01$h1006
=CAT  \\$aWR11_211$c20141230$lBLL01$h1737
=CAT  \\$aBLSS-CORR$b00$c20141230$lBLL01$h1742
=CAT  \\$aBATCH-DCW$b00$c20150923$lBLL01$h0207
=CAT  \\$aWR14_057$b00$c20151129$lBLL01$h1957
=CAT  \\$aBATCH-FIX$c20160124$lBLL01$h1228
=CAT  \\$aBATCH-FIX$c20160125$lBLL01$h1512
=CAT  \\$aBATCH-DCW$b00$c20160710$lBLL01$h1005
=CAT  \\$aBATCH-DCW$c20160713$lBLL01$h1618
=CAT  \\$aW1807-0595$c20180717$lBLL01$h1728
=CAT  \\$a1805-0738$c20181228$lBLL01$h1818
=CAT  \\$a1805-0738$b00$c20181228$lBLL01$h1905
=CAT  \\$aW1910-0531$b00$c20191108$lBLL01$h1810
=CAT  \\$a14185$b40$c20200306$lBLL01$h1032
=CAT  \\$aW2209-0443$c20220907$lBLL01$h1152
=FIN  \\$aY$d20081114
=LKR  \\$aPAR$lBLL01$r776$b000987874$m[Sr Martin Mar-all, or The feign'd innocence: a comedy. As it was acted at His Highnesse the Duke of York's Theatre. [By John Dryden, writing from a draft by William Cavendish, Duke of Newcastle, or by Dryden and Cavendish together.]]$n[Sr Martin Mar-all, or The feign'd innocence: a comedy. As it was acted at His Highnesse the Duke of York's Theatre. [By John Dryden, writing from a draft by William Cavendish, Duke of Newcastle, or by Dryden and Cavendish together.]]
=DGM  \\$a000987874$bCatBridge variable field
=DRT  \\$aMSD
=DRT  \\$aGOOGLEBOOKS
=SRC  \\$aGOOGLEBOOKS$bGoogleBooks_20150922
=SRC  \\$aMSD$bMSBooks_20160709
=SRC  \\$aMSD$bMSDIG_000050
=LAS  \\$aW2209-0443$b00$c20220907$lBLL01$h1152

