=LDR  03202 am a22006973  4500
=001  014809752
=003  Uk
=005  20201127182534.0
=007  cr\mn\024mpadp
=007  cr\mn\024mpada
=008  880603|1626||||enk\\\\|s\\\\||||\||eng\\
=FMT  \\$a  BK
=019  x\$a0920770126
=040  \\$aUk$beng$cUk
=245  10$a[The First and Second parts of King Edward the Fourth. Containing his merie pastime with the Tanner of Tamworth, etc. [A play in verse by T. Heywood.] B.L.]$h[electronic resource]
=264  \1$aLondon,$c1626.
=300  \\$c(4º)
=336  \\$atext$2rdacontent
=337  \\$acomputer$2rdamedia
=338  \\$aonline resource$2rdacarrier
=340  \\$m4to$2rdabf
=655  \7$aPoetry$2fast$0(OCoLC)fst01423828
=655  \7$aDrama$2fast$0(OCoLC)fst01423879
=720  \\$aEdward$bIV,$cKing of England,$d1442-1483$emain entry
=787  0\$tThe First and Second parts of King Edward the Fourth. Containing his merie pastime with the Tanner of Tamworth, etc. [A play in verse by T. Heywood.] B.L.$w(Uk)MP1.0001096319$dHumfrey Lownes: London, 1613. 4º.
=856  41$uhttp://books.google.co.uk/books?vid=BL:A0020150515$yGoogle_Books
=859  \\$aXLD$bMS Digitised
=859  \\$aXLD$bMSD
=859  \\$aXLD$bGOOGLEBOOKS
=883  0\$aLanguage codes assigned by Bayesian analysis of words present in record$d20201028$qUk$c0.9010
=852  4\$aBritish Library$bHMNTS$cDRT$jDigital Store 644.e.36.
=985  \\$aEnhanced during collaborative project with UCL (course BASC0033). 2019-20.
=985  \\$aUpgraded by BSS-generated file for WR1910-0531
=985  \\$aUpgraded by BSS-generated file for WR2011-1472
=CAT  \\$aBATCH-MSDN$b00$c20081114$lBLL01$h2146
=CAT  \\$aBATCH$b00$c20081115$lBLL01$h1544
=CAT  \\$a5194$b40$c20090811$lBLL01$h1519
=CAT  \\$aBATCH-UPD$b40$c20100501$lBLL01$h0037
=CAT  \\$aWR13.117$c20130720$lBLL01$h1905
=CAT  \\$aWR14.046$c20140417$lBLL01$h1710
=CAT  \\$aWR13.144/5$c20140418$lBLL01$h1006
=CAT  \\$aBATCH-DCW$b00$c20150928$lBLL01$h0206
=CAT  \\$aWR14_057$b00$c20151129$lBLL01$h1957
=CAT  \\$aBATCH-FIX$c20160124$lBLL01$h1228
=CAT  \\$aBATCH-FIX$c20160125$lBLL01$h1512
=CAT  \\$aBATCH-DCW$b00$c20160710$lBLL01$h1005
=CAT  \\$aBATCH-DCW$c20160713$lBLL01$h1618
=CAT  \\$a1805-0738$c20181228$lBLL01$h1818
=CAT  \\$a1805-0738$b00$c20181228$lBLL01$h1905
=CAT  \\$aW1910-0531$b00$c20191108$lBLL01$h1810
=CAT  \\$a14185$b40$c20200306$lBLL01$h1150
=CAT  \\$aW2011-1472$b00$c20201127$lBLL01$h1825
=FIN  \\$aY$d20081114
=LKR  \\$aPAR$lBLL01$r776$b001040120$m[The First and Second parts of King Edward the Fourth. Containing his merie pastime with the Tanner of Tamworth, etc. [A play in verse by T. Heywood.] B.L.]$n[The First and Second parts of King Edward the Fourth. Containing his merie pastime with the Tanner of Tamworth, etc. [A play in verse by T. Heywood.] B.L.]
=DGM  \\$a001040120$bCatBridge variable field
=DRT  \\$aMSD
=DRT  \\$aGOOGLEBOOKS
=SRC  \\$aGOOGLEBOOKS$bGoogleBooks_20150927
=SRC  \\$aMSD$bMSBooks_20160709
=SRC  \\$aMSD$bMSDIG_000050
=LAS  \\$aW2011-1472$b00$c20201127$lBLL01$h1825

