=LDR  02506 am a22006013  4500
=001  014810872
=003  Uk
=005  20191108181101.0
=007  cr\mn\024mpadp
=007  cr\mn\024mpada
=008  880815|1637||||enk\\\\|s\\\\\|||\||eng\\
=FMT  \\$a  BK
=040  \\$aUk$cUk
=100  1\$aFLETCHER, John,$cDramatist.
=245  14$aThe Elder Brother. A comedie, [in five acts and in verse.] Written by J. F. [and F. Beaumont?]$h[electronic resource]
=264  \1$aLondon :$bImprinted by F. K. for J. W. and J. B,$c1637.
=300  \\$c(4º)
=336  \\$atext$2rdacontent
=337  \\$acomputer$2rdamedia
=338  \\$aonline resource$2rdacarrier
=340  \\$m4to$2rdabf
=775  0\$t[The Elder Brother. A comedie, [in five acts and in verse.] Written by J. F. [and F. Beaumont?]]$w(Uk)MP1.0001318858.1$dImprinted by F. K. for J. W. and J. B.: London, 1637. 4º.
=856  41$uhttp://books.google.co.uk/books?vid=BL:A0020150453$yGoogle_Books
=859  \\$aXLD$bMS Digitised
=859  \\$aXLD$bMSD
=859  \\$aXLD$bGOOGLEBOOKS
=852  4\$aBritish Library$bHMNTS$cDRT$jDigital Store 644.b.27.
=985  \\$aUpgraded by BSS-generated file for WR1910-0531
=CAT  \\$aBATCH-MSDN$b00$c20081115$lBLL01$h1628
=CAT  \\$aBATCH$b00$c20081115$lBLL01$h1853
=CAT  \\$aBATCH-UPD$b00$c20100501$lBLL01$h0037
=CAT  \\$aWR13.117$c20130720$lBLL01$h1905
=CAT  \\$aWR14.046$c20140417$lBLL01$h1711
=CAT  \\$aWR13.144/5$c20140418$lBLL01$h1006
=CAT  \\$aBATCH-DCW$b00$c20150917$lBLL01$h0211
=CAT  \\$aWR14_057$b00$c20151129$lBLL01$h1957
=CAT  \\$aBATCH-FIX$c20160124$lBLL01$h1228
=CAT  \\$aBATCH-FIX$c20160125$lBLL01$h1512
=CAT  \\$aBATCH-DCW$b00$c20160710$lBLL01$h1006
=CAT  \\$aBATCH-DCW$c20160713$lBLL01$h1618
=CAT  \\$aW1807-0595$c20180717$lBLL01$h1728
=CAT  \\$a1805-0738$c20181228$lBLL01$h1818
=CAT  \\$a1805-0738$b00$c20181228$lBLL01$h1905
=CAT  \\$aW1910-0531$b00$c20191108$lBLL01$h1811
=FIN  \\$aY$d20081115
=LKR  \\$aPAR$lBLL01$r776$b001253007$mThe Elder Brother. A comedie, [in five acts and in verse.] Written by J. F. [and F. Beaumont?]$nThe Elder Brother. A comedie, [in five acts and in verse.] Written by J. F. [and F. Beaumont?]
=DGM  \\$a001253007$bCatBridge variable field
=DRT  \\$aMSD
=DRT  \\$aGOOGLEBOOKS
=SRC  \\$aGOOGLEBOOKS$bGoogleBooks_20150916
=SRC  \\$aMSD$bMSBooks_20160709
=SRC  \\$aMSD$bmsdig_000051
=LAS  \\$aW1910-0531$b00$c20191108$lBLL01$h1811

