=LDR  02895cam a22006493  4500
=001  014811097
=003  Uk
=005  20220615170749.0
=007  cr\mn\024mpadp
=007  cr\mn\024mpada
=008  880818|1691||||enk\\\\|s\\\\\|||\||eng\\
=FMT  \\$a  BK
=040  \\$aUk$cUk
=100  1\$aFOUNTAIN, John,$cDramatist.
=245  10$a[The Royal Shepherdess. A tragi-comedy [in five acts and in prose and verse. Altered by T. Shadwell, from the Rewards of Virtue, by J. F.]]$h[electronic resource]
=264  \1$aLondon,$c1691.
=300  \\$c(4º)
=336  \\$atext$2rdacontent
=337  \\$acomputer$2rdamedia
=338  \\$aonline resource$2rdacarrier
=340  \\$m4to$2rdabf
=700  1\$aSHADWELL, Thomas,$cPoet Laureate.
=787  0\$tThe Royal Shepherdess. A tragi-comedy [in five acts and in prose and verse. Altered by T. Shadwell, from the Rewards of Virtue, by J. F.]$w(Uk)MP1.0001347075$dLondon, 1669. 4º.
=886  2\$2blmarc$a709$b00$aSHADWELL$hThomas$fPoet Laureate$p644.i.41.$x2991760281$p841.c.33.$x2991760281
=856  41$uhttp://books.google.co.uk/books?vid=BL:A0020150603$yGoogle_Books
=859  \\$aXLD$bMS Digitised
=859  \\$aXLD$bMSD
=859  \\$aXLD$bGOOGLEBOOKS
=852  4\$aBritish Library$bHMNTS$cDRT$jDigital Store 644.i.41.
=985  \\$aUpgraded by BSS-generated file for WR1910-0531
=985  \\$aCorrected by MS generated file for WR# 2206-0922 (250 field removed)
=CAT  \\$aBATCH-MSDN$b00$c20081115$lBLL01$h1628
=CAT  \\$aBATCH$b00$c20081115$lBLL01$h1854
=CAT  \\$aBATCH-UPD$b00$c20100501$lBLL01$h0037
=CAT  \\$aWR13.117$c20130720$lBLL01$h1906
=CAT  \\$aWR14.046$c20140417$lBLL01$h1711
=CAT  \\$aWR13.144/5$c20140418$lBLL01$h1006
=CAT  \\$aBATCH-DCW$b00$c20150924$lBLL01$h0205
=CAT  \\$aWR14_057$b00$c20151129$lBLL01$h1957
=CAT  \\$aBATCH-FIX$c20160124$lBLL01$h1228
=CAT  \\$aBATCH-FIX$c20160125$lBLL01$h1512
=CAT  \\$aBATCH-DCW$b00$c20160710$lBLL01$h1006
=CAT  \\$aBATCH-DCW$c20160713$lBLL01$h1618
=CAT  \\$aW1807-0595$c20180717$lBLL01$h1728
=CAT  \\$a1805-0738$c20181228$lBLL01$h1818
=CAT  \\$a1805-0738$b00$c20181228$lBLL01$h1905
=CAT  \\$aW1910-0531$b00$c20191108$lBLL01$h1811
=CAT  \\$aW2206-0922$c20220615$lBLL01$h1707
=FIN  \\$aY$d20081115
=LKR  \\$aPAR$lBLL01$r776$b001278407$m[The Royal Shepherdess. A tragi-comedy [in five acts and in prose and verse. Altered by T. Shadwell, from the Rewards of Virtue, by J. F.]]$n[The Royal Shepherdess. A tragi-comedy [in five acts and in prose and verse. Altered by T. Shadwell, from the Rewards of Virtue, by J. F.]]
=DGM  \\$a001278407$bCatBridge variable field
=DRT  \\$aMSD
=DRT  \\$aGOOGLEBOOKS
=SRC  \\$aGOOGLEBOOKS$bGoogleBooks_20150923
=SRC  \\$aMSD$bMSBooks_20160709
=SRC  \\$aMSD$bmsdig_000051
=LAS  \\$aW2206-0922$b00$c20220615$lBLL01$h1707

