=LDR  02852 am a22006733  4500
=001  014813215
=003  Uk
=005  20191108181112.0
=007  cr\mn\024mpadp
=007  cr\mn\024mpada
=008  040331|1673||||enk\\\\|s\\\\||||\||eng\\
=FMT  \\$a  BK
=040  \\$aUk$cUk
=245  10$aHerod and Mariamna: a tragedy [in five acts and in verse by S. Pordage; edited by Elkanah Settle].$h[electronic resource]
=264  \1$aLondon,$c1673.
=300  \\$c(4º)
=336  \\$atext$2rdacontent
=337  \\$acomputer$2rdamedia
=338  \\$aonline resource$2rdacarrier
=340  \\$m4to$2rdabf
=700  1\$aPORDAGE, Samuel.
=700  1\$aSETTLE, Elkanah.
=720  \\$aHEROD, the Great, King of Judæa
=720  \\$aMARIAMNE, Wife of Herod, the Great, King of Judæa
=775  0\$t[Herod and Mariamna: a tragedy [in five acts and in verse by S. Pordage; edited by Elkanah Settle].]$w(Uk)MP1.0001755458.1$dLondon, 1674. 4º.
=886  2\$2blmarc$a709$b00$aMARIAMNE, Wife of Herod, the Great, King of Judæa$p644.h.84.$x2112400010
=886  2\$2blmarc$a709$b00$aPORDAGE$hSamuel$p644.h.84.$p163.h.61.$x2631040295
=886  2\$2blmarc$a709$b00$aSETTLE$hElkanah$p644.h.84.$p163.h.61.$x2984630041
=856  41$uhttp://books.google.co.uk/books?vid=BL:A0020150584$yGoogle_Books
=859  \\$aXLD$bMS Digitised
=859  \\$aXLD$bMSD
=859  \\$aXLD$bGOOGLEBOOKS
=852  4\$aBritish Library$bHMNTS$cDRT$jDigital Store 644.h.84.
=985  \\$aUpgraded by BSS-generated file for WR1910-0531
=CAT  \\$aBATCH-MSDN$b00$c20081115$lBLL01$h1629
=CAT  \\$aBATCH$b00$c20081115$lBLL01$h1855
=CAT  \\$aBATCH-UPD$b00$c20100501$lBLL01$h0038
=CAT  \\$aWR13.117$c20130720$lBLL01$h1907
=CAT  \\$aWR14.046$c20140417$lBLL01$h1712
=CAT  \\$aWR13.144/5$c20140418$lBLL01$h1007
=CAT  \\$aBATCH-DCW$b00$c20150922$lBLL01$h0204
=CAT  \\$aWR14_057$b00$c20151129$lBLL01$h1958
=CAT  \\$aBATCH-FIX$c20160124$lBLL01$h1228
=CAT  \\$aBATCH-FIX$c20160125$lBLL01$h1512
=CAT  \\$aBATCH-DCW$b00$c20160710$lBLL01$h1006
=CAT  \\$aBATCH-DCW$c20160713$lBLL01$h1618
=CAT  \\$aW1807-0595$c20180717$lBLL01$h1728
=CAT  \\$a1805-0738$c20181228$lBLL01$h1819
=CAT  \\$a1805-0738$b00$c20181228$lBLL01$h1905
=CAT  \\$aW1910-0531$b00$c20191108$lBLL01$h1811
=FIN  \\$aY$d20081115
=LKR  \\$aPAR$lBLL01$r776$b001664305$mHerod and Mariamna: a tragedy [in five acts and in verse by S. Pordage; edited by Elkanah Settle].$nHerod and Mariamna: a tragedy [in five acts and in verse by S. Pordage; edited by Elkanah Settle].
=DGM  \\$a001664305$bCatBridge variable field
=DRT  \\$aMSD
=DRT  \\$aGOOGLEBOOKS
=SRC  \\$aGOOGLEBOOKS$bGoogleBooks_20150921
=SRC  \\$aMSD$bMSBooks_20160709
=SRC  \\$aMSD$bmsdig_000051
=LAS  \\$aW1910-0531$b00$c20191108$lBLL01$h1811

