=LDR  03842 am a22007573  4500
=001  014813268
=003  Uk
=005  20200306115131.0
=007  cr\mn\024mpadp
=007  cr\mn\024mpada
=008  951114|1606||||enk\\\\|s\\\\\|||\||eng\\
=FMT  \\$a  BK
=040  \\$aUk$beng$cUk
=100  1\$aHEYWOOD, Thomas,$cDramatist.
=240  10$aSingle Works
=245  10$aIf you know not me, you know no bodie: or the troubles of Queen Elizabeth. [A play in prose and verse by T. H.]$h[electronic resource]
=264  \1$aLondon,$c1606.
=300  \\$c(8º)
=336  \\$atext$2rdacontent
=337  \\$acomputer$2rdamedia
=338  \\$aonline resource$2rdacarrier
=340  \\$m8vo$2rdabf
=500  \\$aImperfect; wanting the last leaf, which has been supplied in facsimile.
=655  \7$aPoetry$2fast$0(OCoLC)fst01423828
=655  \7$aDrama$2fast$0(OCoLC)fst01423879
=775  0\$t[If you know not me, you know no bodie: or the troubles of Queen Elizabeth. [A play in prose and verse by T. H.]]$w(Uk)MP1.0001768776.1$dLondon, 1608. 4º.
=775  0\$t[If you know not me, you know no bodie: or the troubles of Queen Elizabeth. [A play in prose and verse by T. H.]]$w(Uk)MP1.0001768776.2$dLondon, 1610. 4º.
=775  0\$t[If you know not me, you know no bodie: or the troubles of Queen Elizabeth. [A play in prose and verse by T. H.]]$w(Uk)MP1.0001768776.3$dLondon, 1613. 4º.
=775  0\$t[If you know not me, you know no bodie: or the troubles of Queen Elizabeth. [A play in prose and verse by T. H.]]$w(Uk)MP1.0001768776.4$dLondon, 1623. 4º.
=775  0\$t[If you know not me, you know no bodie: or the troubles of Queen Elizabeth. [A play in prose and verse by T. H.]]$w(Uk)MP1.0001768776.5$dLondon, 1632. 4º.
=700  0\$aElizabeth$bI,$cQueen of England,$d1533-1603.$tAppendix.
=886  2\$2blmarc$a709$b00$aELIZABETH I., Queen of England$tAppendix$p643.d.7.$pC.34.c.46.$p644.e.30.(1.)$pC.34.c.47.$pC.34.c.48.(1.)$p644.e.32.(1.)$pC.12.f.11.(2.)$x0933330006
=856  41$uhttp://books.google.co.uk/books?vid=BL:A0020150380$yGoogle_Books
=859  \\$aXLD$bMS Digitised
=859  \\$aXLD$bMSD
=859  \\$aXLD$bGOOGLEBOOKS
=852  4\$aBritish Library$bHMNTS$cDRT$jDigital Store 643.d.7.
=985  \\$aEnhanced during collaborative project with UCL (course BASC0033). 2019-20.
=985  \\$aUpgraded by BSS-generated file for WR1910-0531
=CAT  \\$aBATCH-MSDN$b00$c20081115$lBLL01$h1629
=CAT  \\$aBATCH$b00$c20081115$lBLL01$h1855
=CAT  \\$aBATCH-UPD$b00$c20100501$lBLL01$h0038
=CAT  \\$aWR13.117$c20130720$lBLL01$h1907
=CAT  \\$aWR14.046$c20140417$lBLL01$h1712
=CAT  \\$aWR13.144/5$c20140418$lBLL01$h1007
=CAT  \\$aBATCH-UPD$b00$c20150610$lBLL01$h2100
=CAT  \\$aWR14_057$b00$c20151129$lBLL01$h1958
=CAT  \\$aBATCH-DCW$b00$c20151210$lBLL01$h1759
=CAT  \\$aBATCH-FIX$c20160124$lBLL01$h1228
=CAT  \\$aBATCH-FIX$c20160125$lBLL01$h1512
=CAT  \\$aBATCH-DCW$b00$c20160710$lBLL01$h1006
=CAT  \\$aBATCH-DCW$c20160713$lBLL01$h1618
=CAT  \\$aW1807-0595$c20180717$lBLL01$h1728
=CAT  \\$a1805-0738$c20181228$lBLL01$h1819
=CAT  \\$a1805-0738$b00$c20181228$lBLL01$h1905
=CAT  \\$aW1910-0531$b00$c20191108$lBLL01$h1811
=CAT  \\$a14185$b40$c20200306$lBLL01$h1151
=FIN  \\$aY$d20081115
=LKR  \\$aPAR$lBLL01$r776$b001677278$mIf you know not me, you know no bodie: or the troubles of Queen Elizabeth. [A play in prose and verse by T. H.]$nIf you know not me, you know no bodie: or the troubles of Queen Elizabeth. [A play in prose and verse by T. H.]
=DGM  \\$a001677278$bCatBridge variable field
=DRT  \\$aMSD
=DRT  \\$aGOOGLEBOOKS
=SRC  \\$aGOOGLEBOOKS$bGoogleBooks_20150915
=SRC  \\$aMSD$bMSBooks_20160709
=SRC  \\$aMSD$bmsdig_000051
=LAS  \\$a14185$b40$c20200306$lBLL01$h1151

