=LDR  02390 am a22005893  4500
=001  014813269
=003  Uk
=005  20121214103746.0
=007  cr\mn\024mpadp
=007  cr\mn\024mpada
=008  881130s1640\\\\enk\\\\|s\\\\\|||\||eng\\
=FMT  \\$a  BK
=040  \\$aUk$cUk$dUk
=100  1\$aHeywood, Thomas,$dapproximately 1574-1641.
=245  10$aLoves mistresse: or The Queenes masque$h[electronic resource].$bAs it was three times presented before both their Maiesties, within the space of eight dayes: in the presence of sundry forraigne ambassadors. Publikely acted by the Queenes Comedians, at the Phoenix in Drury-lane. The second impression, corrected by the author, Thomas Heyvvood.
=264  \1$aLondon :$bprinted by Iohn Raworth, for Iohn Crouch,$c1640.
=300  \\$c(4º)
=336  \\$atext$2rdacontent
=337  \\$acomputer$2rdamedia
=338  \\$aonline resource$2rdacarrier
=340  \\$m4to$2rdabf
=500  \\$aIn verse.
=856  41$uhttp://books.google.co.uk/books?vid=BL:A0020150516$yGoogle_Books
=859  \\$aXLD$bMS Digitised
=859  \\$aXLD$bMSD
=859  \\$aXLD$bGOOGLEBOOKS
=852  4\$aBritish Library$bHMNTS$cDRT$jDigital Store 644.e.42.
=985  \\$aCorrected by MS generated file for WR# 1805-0738
=CAT  \\$aBATCH-MSDN$b00$c20081115$lBLL01$h1629
=CAT  \\$aBATCH$b00$c20081115$lBLL01$h1855
=CAT  \\$aBATCH-UPD$b00$c20100501$lBLL01$h0038
=CAT  \\$a6550$b40$c20121214$lBLL01$h1037
=CAT  \\$aWR13.117$c20130720$lBLL01$h1907
=CAT  \\$aWR14.046$c20140417$lBLL01$h1712
=CAT  \\$aWR13.144/5$c20140418$lBLL01$h1007
=CAT  \\$aBATCH-DCW$b00$c20150924$lBLL01$h0205
=CAT  \\$aWR14_057$b00$c20151129$lBLL01$h1958
=CAT  \\$aBATCH-FIX$c20160124$lBLL01$h1228
=CAT  \\$aBATCH-FIX$c20160125$lBLL01$h1512
=CAT  \\$aBATCH-DCW$b00$c20160710$lBLL01$h1006
=CAT  \\$aBATCH-DCW$c20160713$lBLL01$h1618
=CAT  \\$a1805-0738$c20181228$lBLL01$h1819
=CAT  \\$a1805-0738$b00$c20181228$lBLL01$h1905
=FIN  \\$aY$d20081115
=LKR  \\$aPAR$lBLL01$r776$b001677308$mcorrected by the Author.$ncorrected by the Author.
=DGM  \\$a001677308$bCatBridge variable field
=DRT  \\$aMSD
=DRT  \\$aGOOGLEBOOKS
=SRC  \\$aGOOGLEBOOKS$bGoogleBooks_20150923
=SRC  \\$aMSD$bMSBooks_20160709
=SRC  \\$aMSD$bmsdig_000051
=LAS  \\$a1805-0738$b00$c20181228$lBLL01$h1905

