=LDR  02688cam a22006493  4500
=001  014813270
=003  Uk
=005  20220615170751.0
=007  cr\mn\024mpadp
=007  cr\mn\024mpada
=008  881130|1640||||enk\\\\|s\\\\\|||\||eng\\
=FMT  \\$a  BK
=040  \\$aUk$cUk
=100  1\$aHEYWOOD, Thomas,$cDramatist.
=240  10$aSingle Works
=245  10$a[Loves Maistresse: or, the Queens Masque. [A tragic comedy, in five acts and in verse.]]$h[electronic resource]
=264  \1$aLondon :$bJ. Raworth for J. Crouch,$c1640.
=300  \\$c(4º)
=336  \\$atext$2rdacontent
=337  \\$acomputer$2rdamedia
=338  \\$aonline resource$2rdacarrier
=340  \\$m4to$2rdabf
=500  \\$aThis edition is also called "the second impression.".
=787  0\$tLoves Maistresse: or, the Queens Masque. [A tragic comedy, in five acts and in verse.]$w(Uk)MP1.0001768791$dR. Raworth for J. Crowch: London, 1636. 4º.
=856  41$uhttp://books.google.co.uk/books?vid=BL:A0020150517$yGoogle_Books
=859  \\$aXLD$bMS Digitised
=859  \\$aXLD$bMSD
=859  \\$aXLD$bGOOGLEBOOKS
=852  4\$aBritish Library$bHMNTS$cDRT$jDigital Store 644.e.43.
=985  \\$aUpgraded by BSS-generated file for WR1910-0531
=985  \\$aCorrected by MS generated file for WR# 2206-0922 (250 field removed)
=CAT  \\$aBATCH-MSDN$b00$c20081115$lBLL01$h1629
=CAT  \\$aBATCH$b00$c20081115$lBLL01$h1855
=CAT  \\$aBATCH-UPD$b00$c20100501$lBLL01$h0038
=CAT  \\$aWR13.117$c20130720$lBLL01$h1907
=CAT  \\$aWR14.046$c20140417$lBLL01$h1712
=CAT  \\$aWR13.144/5$c20140418$lBLL01$h1007
=CAT  \\$aBATCH-DCW$b00$c20150924$lBLL01$h0205
=CAT  \\$aWR14_057$b00$c20151129$lBLL01$h1958
=CAT  \\$aBATCH-FIX$c20160124$lBLL01$h1228
=CAT  \\$aBATCH-FIX$c20160125$lBLL01$h1512
=CAT  \\$aBATCH-DCW$b00$c20160710$lBLL01$h1006
=CAT  \\$aBATCH-DCW$c20160713$lBLL01$h1618
=CAT  \\$aW1807-0595$c20180717$lBLL01$h1728
=CAT  \\$a1805-0738$c20181228$lBLL01$h1819
=CAT  \\$a1805-0738$b00$c20181228$lBLL01$h1905
=CAT  \\$aW1910-0531$b00$c20191108$lBLL01$h1811
=CAT  \\$aW2206-0922$c20220615$lBLL01$h1707
=FIN  \\$aY$d20081115
=LKR  \\$aPAR$lBLL01$r776$b001677309$m[Loves Maistresse: or, the Queens Masque. [A tragic comedy, in five acts and in verse.]]$n[Loves Maistresse: or, the Queens Masque. [A tragic comedy, in five acts and in verse.]]
=DGM  \\$a001677309$bCatBridge variable field
=DRT  \\$aMSD
=DRT  \\$aGOOGLEBOOKS
=SRC  \\$aGOOGLEBOOKS$bGoogleBooks_20150923
=SRC  \\$aMSD$bMSBooks_20160709
=SRC  \\$aMSD$bmsdig_000051
=LAS  \\$aW2206-0922$b00$c20220615$lBLL01$h1707

