=LDR  03376 am a22006493  4500
=001  014813278
=003  Uk
=005  20201127182543.0
=007  cr\mn\024mpadp
=007  cr\mn\024mpada
=008  881130|1682||||enk\\\\|s\\\\\|||\||eng\\
=FMT  \\$a  BK
=040  \\$aUk$cUk
=100  1\$aHickeringill, Edmund,$d1631-1708.
=245  14$aThe mushroom: or, A satyr against libelling Tories and prelatical tantivies: in answer to a satyr against sedition called The meddal. By the author of Absalom and Achitophel [i.e. John Dryden]. And here answered by the author of the Black nonconformist, etc. [Signed: E. H., i.e. E. Hickeringill.]$h[electronic resource]
=264  \1$aLondon :$bprinted for Fra. Smith Jun,$c1682.
=300  \\$a20 pages ;$c(folio)
=336  \\$atext$2rdacontent
=337  \\$acomputer$2rdamedia
=338  \\$aonline resource$2rdacarrier
=340  \\$mfolio$2rdabf
=700  1\$aDryden, John,$d1631-1700.$tSingle Works. The Medal. Appendix.
=886  2\$2blmarc$a709$b00$aDRYDEN$hJohn$tSingle Works$tThe Medal$tAppendix$p11641.h.10.(2.)$x0873730038
=886  2\$2blmarc$a709$b00$aH.$hE.$p11641.h.10.(2.)$x1361930225
=859  \\$aXLD$bGOOGLEBOOKS
=859  \\$aXLD$bMS Digitised
=859  \\$aXLD$bMSD
=856  41$uhttp://books.google.com/books?vid=BL:A0021293409$yGoogle_Books
=883  0\$aLanguage codes assigned by Bayesian analysis of words present in record$d20201028$qUk$c0.9010
=852  4\$aBritish Library$bHMNTS$cDRT$jDigital Store 11641.h.10.(2.)
=985  \\$aUpgraded by BSS-generated file for WR1910-0531
=985  \\$aUpgraded by BSS-generated file for WR2011-1472
=CAT  \\$aBATCH-MSDN$b00$c20081115$lBLL01$h1629
=CAT  \\$aBATCH-UPD$b00$c20081115$lBLL01$h1747
=CAT  \\$aBATCH$b00$c20081115$lBLL01$h1855
=CAT  \\$aBATCH-UPD$b00$c20100501$lBLL01$h0038
=CAT  \\$aWR13.117$c20130720$lBLL01$h1907
=CAT  \\$aWR14.046$c20140417$lBLL01$h1712
=CAT  \\$aWR13.144/5$c20140418$lBLL01$h1007
=CAT  \\$aWR11_211$c20141230$lBLL01$h1738
=CAT  \\$aBLSS-CORR$b00$c20141230$lBLL01$h1742
=CAT  \\$aBATCH-DCW$b00$c20160620$lBLL01$h0209
=CAT  \\$aBATCH-DCW$b00$c20160710$lBLL01$h1006
=CAT  \\$aWR14_057$b00$c20170504$lBLL01$h1839
=CAT  \\$a1805-0738$c20181228$lBLL01$h1819
=CAT  \\$a1805-0738$b00$c20181228$lBLL01$h1905
=CAT  \\$aW1910-0531$b00$c20191108$lBLL01$h1811
=CAT  \\$aW2011-1472$b00$c20201127$lBLL01$h1825
=FIN  \\$aY$d20081115
=LKR  \\$aPAR$lBLL01$r776$b001678077$mThe mushroom: or, A satyr against libelling Tories and prelatical tantivies: in answer to a satyr against sedition called The meddal. By the author of Absalom and Achitophel [i.e. John Dryden]. And here answered by the author of the Black nonconformist, etc. [Signed: E. H., i.e. E. Hickeringill.]$nThe mushroom: or, A satyr against libelling Tories and prelatical tantivies: in answer to a satyr against sedition called The meddal. By the author of Absalom and Achitophel [i.e. John Dryden]. And here answered by the author of the Black nonconformist, etc. [Signed: E. H., i.e. E. Hickeringill.]
=DGM  \\$a001678077$bCatBridge variable field
=DRT  \\$aGOOGLEBOOKS
=DRT  \\$aMSD
=SRC  \\$aGOOGLEBOOKS$bGoogleBooks_20160619
=SRC  \\$aMSD$bMSBooks_20160709
=SRC  \\$aMSD$bmsdig_000051
=LAS  \\$aW2011-1472$b00$c20201127$lBLL01$h1825

