=LDR  02648 am a22006853  4500
=001  014813831
=003  Uk
=005  20081115162940.0
=007  cr\mn\024mpadp
=007  cr\mn\024mpada
=008  881005|1668|||||||\\\\|s\\\\\|||\||eng\\
=FMT  \\$a  BK
=040  \\$aUk$cUk
=100  1\$aHoward, Robert,$cSir,$d1626-1698.
=240  10$aSingle Works
=245  14$aThe Great Favourite, or, The Duke of Lerma. [A tragedy in five acts, and in verse.]$h[electronic resource]
=264  \1$aIn the Savoy,$c1668.
=300  \\$c(4º)
=336  \\$atext$2rdacontent
=337  \\$acomputer$2rdamedia
=338  \\$aonline resource$2rdacarrier
=340  \\$m4to$2rdabf
=856  41$uhttp://books.google.co.uk/books?vid=BL:A0020150518$yGoogle_Books
=859  \\$aXLD$bMS Digitised
=859  \\$aXLD$bMSD
=859  \\$aXLD$bGOOGLEBOOKS
=852  4\$aBritish Library$bHMNTS$cDRT$jDigital Store 644.e.48.
=985  \\$aCorrected by MS generated file for WR# 11/211
=985  \\$aCorrected by MS generated file for WR# 1805-0738
=CAT  \\$aBATCH-MSDN$b00$c20081115$lBLL01$h1629
=CAT  \\$aBATCH$b00$c20081115$lBLL01$h1856
=CAT  \\$aBATCH-UPD$b00$c20100501$lBLL01$h0038
=CAT  \\$a7416$b40$c20130701$lBLL01$h1108
=CAT  \\$aWR13.117$c20130720$lBLL01$h1907
=CAT  \\$aBATCH-UPD$b00$c20130801$lBLL01$h0711
=CAT  \\$aBATCH-UPD$b00$c20130819$lBLL01$h2027
=CAT  \\$aBATCH-UPD$b00$c20130829$lBLL01$h2038
=CAT  \\$aBATCH-UPD$b00$c20131011$lBLL01$h2057
=CAT  \\$aWR14.046$c20140417$lBLL01$h1712
=CAT  \\$aWR13.144/5$c20140418$lBLL01$h1007
=CAT  \\$aWR11_211$c20141230$lBLL01$h1738
=CAT  \\$aBLSS-CORR$b00$c20141230$lBLL01$h1742
=CAT  \\$aBATCH-DCW$b00$c20151118$lBLL01$h0206
=CAT  \\$aWR14_057$b00$c20151129$lBLL01$h1958
=CAT  \\$aBATCH-FIX$c20160124$lBLL01$h1228
=CAT  \\$aBATCH-FIX$c20160125$lBLL01$h1512
=CAT  \\$aBATCH-DCW$b00$c20160710$lBLL01$h1006
=CAT  \\$aBATCH-DCW$c20160713$lBLL01$h1618
=CAT  \\$aW1807-0595$c20180717$lBLL01$h1729
=CAT  \\$a1805-0738$c20181228$lBLL01$h1819
=CAT  \\$a1805-0738$b00$c20181228$lBLL01$h1905
=FIN  \\$aY$d20081115
=LKR  \\$aPAR$lBLL01$r776$b001747203$mThe Great Favourite, or, The Duke of Lerma. [A tragedy in five acts, and in verse.]$nThe Great Favourite, or, The Duke of Lerma. [A tragedy in five acts, and in verse.]
=DGM  \\$a001747203$bCatBridge variable field
=DRT  \\$aMSD
=DRT  \\$aGOOGLEBOOKS
=SRC  \\$aGOOGLEBOOKS$bGoogleBooks_20151117
=SRC  \\$aMSD$bMSBooks_20160709
=SRC  \\$aMSD$bmsdig_000051
=LAS  \\$a1805-0738$b00$c20181228$lBLL01$h1905

