=LDR  02713 am a22006373  4500
=001  014814599
=003  Uk
=005  20191108181120.0
=007  cr\mn\024mpadp
=007  cr\mn\024mpada
=008  881207|1689||||enk\\\\|s\\\\||||\||eng\\
=FMT  \\$a  BK
=040  \\$aUk$cUk
=100  1\$aSETTLE, Elkanah.
=245  14$aThe Female Prelate: being the history and the life and death of Pope Joan. A tragedy [in five acts and in verse]. Written by a Person of Quality [i.e. Elkanah Settle].$h[electronic resource]
=264  \1$aLondon,$c1689.
=300  \\$c(4º)
=336  \\$atext$2rdacontent
=337  \\$acomputer$2rdamedia
=338  \\$aonline resource$2rdacarrier
=340  \\$m4to$2rdabf
=500  \\$aThe half-title reads "Pope John VIII.," etc.
=600  00$aJoan,$cPope (Legendary character)
=886  2\$2blmarc$a709$b00$aSETTLE$hElkanah$p644.i.13.$x2984640195
=856  41$uhttp://books.google.co.uk/books?vid=BL:A0020150589$yGoogle_Books
=859  \\$aXLD$bMS Digitised
=859  \\$aXLD$bMSD
=859  \\$aXLD$bGOOGLEBOOKS
=852  4\$aBritish Library$bHMNTS$cDRT$jDigital Store 644.i.13.
=985  \\$aUpgraded by BSS-generated file for WR1910-0531
=CAT  \\$aBATCH-MSDN$b00$c20081115$lBLL01$h1630
=CAT  \\$aBATCH$b00$c20081115$lBLL01$h1856
=CAT  \\$aBATCH-UPD$b00$c20100501$lBLL01$h0038
=CAT  \\$aWR13.117$c20130720$lBLL01$h1907
=CAT  \\$aWR14.046$c20140417$lBLL01$h1712
=CAT  \\$aWR13.144/5$c20140418$lBLL01$h1008
=CAT  \\$a8874$b40$c20140815$lBLL01$h1317
=CAT  \\$aBATCH-DCW$b00$c20150922$lBLL01$h0204
=CAT  \\$aWR14_057$b00$c20151129$lBLL01$h1959
=CAT  \\$aBATCH-FIX$c20160124$lBLL01$h1228
=CAT  \\$aBATCH-FIX$c20160125$lBLL01$h1512
=CAT  \\$aBATCH-DCW$b00$c20160710$lBLL01$h1006
=CAT  \\$aBATCH-DCW$c20160713$lBLL01$h1618
=CAT  \\$aW1807-0595$c20180717$lBLL01$h1729
=CAT  \\$a1805-0738$c20181228$lBLL01$h1819
=CAT  \\$a1805-0738$b00$c20181228$lBLL01$h1905
=CAT  \\$aW1910-0531$b00$c20191108$lBLL01$h1811
=FIN  \\$aY$d20081115
=LKR  \\$aPAR$lBLL01$r776$b001876770$mThe Female Prelate: being the history and the life and death of Pope Joan. A tragedy [in five acts and in verse]. Written by a Person of Quality [i.e. Elkanah Settle].$nThe Female Prelate: being the history and the life and death of Pope Joan. A tragedy [in five acts and in verse]. Written by a Person of Quality [i.e. Elkanah Settle].
=DGM  \\$a001876770$bCatBridge variable field
=DRT  \\$aMSD
=DRT  \\$aGOOGLEBOOKS
=SRC  \\$aGOOGLEBOOKS$bGoogleBooks_20150921
=SRC  \\$aMSD$bMSBooks_20160709
=SRC  \\$aMSD$bmsdig_000051
=LAS  \\$aW1910-0531$b00$c20191108$lBLL01$h1811

