=LDR  02615 am a22006493  4500
=001  014814759
=003  Uk
=005  20191108181121.0
=007  cr\mn\024mpadp
=007  cr\mn\024mpada
=008  881215|1611||||enk\\\\|s\\\\\|||\||eng\\
=FMT  \\$a  BK
=040  \\$aUk$cUk
=100  1\$aJonson, Ben,$d1573?-1637.
=240  10$aSingle Works
=245  10$aCatiline his Conspiracy. [A tragedy, in five acts and in verse.]$h[electronic resource]
=264  \1$aLondon :$bPrinted for W. Burre,$c1611.
=300  \\$c(4º)
=336  \\$atext$2rdacontent
=337  \\$acomputer$2rdamedia
=338  \\$aonline resource$2rdacarrier
=340  \\$m4to$2rdabf
=500  \\$aWithout pagination.
=775  0\$t[Catiline his Conspiracy. [A tragedy, in five acts and in verse.]]$w(Uk)MP1.0002010656.1$dPrinted by N. Okes for J. S.: London, 1635. 4º.
=775  0\$t[Catiline his Conspiracy. [A tragedy, in five acts and in verse.]]$w(Uk)MP1.0002010656.2$dN. Okes, for I. S.: London, 1635. 4º.
=856  41$uhttp://books.google.co.uk/books?vid=BL:A0020150460$yGoogle_Books
=859  \\$aXLD$bMS Digitised
=859  \\$aXLD$bMSD
=859  \\$aXLD$bGOOGLEBOOKS
=852  4\$aBritish Library$bHMNTS$cDRT$jDigital Store 644.b.55.
=985  \\$aUpgraded by BSS-generated file for WR1910-0531
=CAT  \\$aBATCH-MSDN$b00$c20081115$lBLL01$h1630
=CAT  \\$aBATCH$b00$c20081115$lBLL01$h1857
=CAT  \\$aBATCH-UPD$b00$c20100501$lBLL01$h0038
=CAT  \\$a8964$b40$c20100908$lBLL01$h1518
=CAT  \\$aWR13.117$c20130720$lBLL01$h1907
=CAT  \\$aWR14.046$c20140417$lBLL01$h1712
=CAT  \\$aWR13.144/5$c20140418$lBLL01$h1008
=CAT  \\$aWR14_057$b00$c20151129$lBLL01$h1959
=CAT  \\$aBATCH-DCW$b00$c20151210$lBLL01$h1759
=CAT  \\$aBATCH-FIX$c20160124$lBLL01$h1228
=CAT  \\$aBATCH-FIX$c20160125$lBLL01$h1512
=CAT  \\$aBATCH-DCW$b00$c20160710$lBLL01$h1006
=CAT  \\$aBATCH-DCW$c20160713$lBLL01$h1618
=CAT  \\$aW1807-0595$c20180717$lBLL01$h1729
=CAT  \\$a1805-0738$c20181228$lBLL01$h1819
=CAT  \\$a1805-0738$b00$c20181228$lBLL01$h1905
=CAT  \\$aW1910-0531$b00$c20191108$lBLL01$h1811
=FIN  \\$aY$d20081115
=LKR  \\$aPAR$lBLL01$r776$b001900878$mCatiline his Conspiracy. [A tragedy, in five acts and in verse.]$nCatiline his Conspiracy. [A tragedy, in five acts and in verse.]
=DGM  \\$a001900878$bCatBridge variable field
=DRT  \\$aMSD
=DRT  \\$aGOOGLEBOOKS
=SRC  \\$aGOOGLEBOOKS$bGoogleBooks_20150915
=SRC  \\$aMSD$bMSBooks_20160709
=SRC  \\$aMSD$bmsdig_000051
=LAS  \\$aW1910-0531$b00$c20191108$lBLL01$h1811

