=LDR  02523 am a22006373  4500
=001  014814760
=003  Uk
=005  20200306121612.0
=007  cr\mn\024mpadp
=007  cr\mn\024mpada
=008  881215s1641\\\\enk\\\\|s\\\\\|||\d\eng\\
=FMT  \\$a  BK
=040  \\$aUk$beng$cUk
=100  1\$aJonson, Ben,$d1573?-1637.
=245  14$aThe Divell is an Asse. A comedie acted in the yeare, 1616. By His Majesties Servants.$h[electronic resource]
=264  \1$aImprinted at London,$c1641.
=300  \\$a66 pages ;$c(folio)
=336  \\$atext$2rdacontent
=337  \\$acomputer$2rdamedia
=338  \\$aonline resource$2rdacarrier
=340  \\$mfolio$2rdabf
=655  \7$aTragedies (Drama)$2fast$0(OCoLC)fst01921740
=655  \7$aComedy plays$2fast$0(OCoLC)fst01921567
=856  41$uhttp://books.google.co.uk/books?vid=BL:A0020150347$yGoogle_Books
=859  \\$aXLD$bMS Digitised
=859  \\$aXLD$bMSD
=859  \\$aXLD$bGOOGLEBOOKS
=852  4\$aBritish Library$bHMNTS$cDRT$jDigital Store 642.l.29.(3.)
=985  \\$aEnhanced during collaborative project with UCL (course BASC0033). 2019-20.
=985  \\$aCorrected by MS generated file for WR# 1805-0738
=CAT  \\$aBATCH-MSDN$b00$c20081115$lBLL01$h1630
=CAT  \\$aBATCH$b00$c20081115$lBLL01$h1857
=CAT  \\$aBATCH-UPD$b00$c20100501$lBLL01$h0038
=CAT  \\$a8964$b40$c20100908$lBLL01$h1519
=CAT  \\$aWR13.117$c20130720$lBLL01$h1907
=CAT  \\$aWR14.046$c20140417$lBLL01$h1712
=CAT  \\$aWR13.144/5$c20140418$lBLL01$h1008
=CAT  \\$a8874$b40$c20141216$lBLL01$h0755
=CAT  \\$aBATCH-DCW$b00$c20150915$lBLL01$h0238
=CAT  \\$aWR14_057$b00$c20151129$lBLL01$h1959
=CAT  \\$aBATCH-FIX$c20160124$lBLL01$h1228
=CAT  \\$aBATCH-FIX$c20160125$lBLL01$h1512
=CAT  \\$aBATCH-DCW$b00$c20160710$lBLL01$h1006
=CAT  \\$aBATCH-DCW$c20160713$lBLL01$h1618
=CAT  \\$a1805-0738$c20181228$lBLL01$h1819
=CAT  \\$a1805-0738$b00$c20181228$lBLL01$h1905
=CAT  \\$a14185$b40$c20200306$lBLL01$h1216
=FIN  \\$aY$d20081115
=LKR  \\$aPAR$lBLL01$r776$b001900894$mThe Divell is an Asse. A comedie acted in the yeare, 1616. By His Majesties Servants.$nThe Divell is an Asse. A comedie acted in the yeare, 1616. By His Majesties Servants.
=DGM  \\$a001900894$bCatBridge variable field
=DRT  \\$aMSD
=DRT  \\$aGOOGLEBOOKS
=SRC  \\$aGOOGLEBOOKS$bGoogleBooks_20150914
=SRC  \\$aMSD$bMSBooks_20160709
=SRC  \\$aMSD$bmsdig_000051
=LAS  \\$a14185$b40$c20200306$lBLL01$h1216

