=LDR  02549 am a22006373  4500
=001  014814773
=003  Uk
=005  20201127182546.0
=007  cr\mn\024mpadp
=007  cr\mn\024mpada
=008  890119|1700||||enk\\\\|s\\\\||||\||eng\\
=FMT  \\$a  BK
=040  \\$aUk$cUk
=245  10$aA Journey to Hell: or, a visit paid to the Devil: a poem. [By Edward Ward.]$h[electronic resource]
=264  \1$aLondon,$c1700.
=300  \\$3pt. 1$a32 pages ;$c(folio)
=336  \\$atext$2rdacontent
=337  \\$acomputer$2rdamedia
=338  \\$aonline resource$2rdacarrier
=340  \\$mfolio$2rdabf
=700  1\$aWard, Edward,$d1667-1731.
=720  \\$aJOURNEY
=886  2\$2blmarc$a709$b00$aWARD$hEdward$fAuthor of the "London Spy."$p11641.h.10.(6.)$x3450340123
=859  \\$aXLD$bGOOGLEBOOKS
=859  \\$aXLD$bMS Digitised
=859  \\$aXLD$bMSD
=856  41$uhttp://books.google.com/books?vid=BL:A0021293413$yGoogle_Books
=883  0\$aLanguage codes assigned by Bayesian analysis of words present in record$d20201028$qUk$c0.9010
=852  4\$aBritish Library$bHMNTS$cDRT$jDigital Store 11641.h.10.(6.)
=985  \\$aUpgraded by BSS-generated file for WR1910-0531
=985  \\$aUpgraded by BSS-generated file for WR2011-1472
=CAT  \\$aBATCH-MSDN$b00$c20081115$lBLL01$h1630
=CAT  \\$aBATCH$b00$c20081115$lBLL01$h1857
=CAT  \\$aBATCH-UPD$b00$c20100501$lBLL01$h0038
=CAT  \\$aWR13.117$c20130720$lBLL01$h1907
=CAT  \\$aWR14.046$c20140417$lBLL01$h1712
=CAT  \\$aWR13.144/5$c20140418$lBLL01$h1008
=CAT  \\$aWR11_211$c20141230$lBLL01$h1738
=CAT  \\$aBLSS-CORR$b00$c20141230$lBLL01$h1742
=CAT  \\$aBATCH-DCW$b00$c20160620$lBLL01$h0209
=CAT  \\$aBATCH-DCW$b00$c20160710$lBLL01$h1006
=CAT  \\$aWR14_057$b00$c20170504$lBLL01$h1839
=CAT  \\$a5100$b40$c20181120$lBLL01$h1247
=CAT  \\$a1805-0738$c20190121$lBLL01$h1741
=CAT  \\$a1805-0738$b00$c20190121$lBLL01$h1744
=CAT  \\$aW1910-0531$b00$c20191108$lBLL01$h1811
=CAT  \\$aW2011-1472$b00$c20201127$lBLL01$h1825
=FIN  \\$aY$d20081115
=LKR  \\$aPAR$lBLL01$r776$b001907138$mA Journey to Hell: or, a visit paid to the Devil: a poem. [By Edward Ward.]$nA Journey to Hell: or, a visit paid to the Devil: a poem. [By Edward Ward.]
=DGM  \\$a001907138$bCatBridge variable field
=DRT  \\$aGOOGLEBOOKS
=DRT  \\$aMSD
=SRC  \\$aGOOGLEBOOKS$bGoogleBooks_20160619
=SRC  \\$aMSD$bMSBooks_20160709
=SRC  \\$aMSD$bmsdig_000051
=LAS  \\$aW2011-1472$b00$c20201127$lBLL01$h1825

