=LDR  02609cam a22006613  4500
=001  014816261
=003  Uk
=005  20220413112008.0
=007  cr\mn\024mpadp
=007  cr\mn\024mpada
=008  880616|1639||||enk\\\\|s\\\\\|||\||eng\\
=FMT  \\$a  BK
=040  \\$aUk$cUk
=100  1\$aBeaumont, Francis,$d1584-1616.
=240  10$aSingle Works
=245  10$a[A king and no king. London 1619.]$h[electronic resource]
=264  \1$aLondon :$bE.G [E. Griffin] for William Leake,$c1639.
=300  \\$c(4º)
=336  \\$atext$2rdacontent
=337  \\$acomputer$2rdamedia
=338  \\$aonline resource$2rdacarrier
=340  \\$m4to$2rdabf
=651  \7$aEngland$zLondon.$2fast$0(OCoLC)fst01204271
=787  0\$tA king and no king. London 1619.$w(Uk)MP1.0000263881$dAmsterdam: Theatrum Orbis Terrarum; New York: Da Capo Press, 1971. ISBN 90 221 0290 4 pp. 88. 23 cm.
=856  41$uhttp://books.google.co.uk/books?vid=BL:A0020150388$yGoogle_Books
=859  \\$aXLD$bMS Digitised
=859  \\$aXLD$bMSD
=859  \\$aXLD$bGOOGLEBOOKS
=852  4\$aBritish Library$bHMNTS$cDRT$jDigital Store 643.g.19.$3The fourth time printed, etc.
=985  \\$aEnhanced during collaborative project with UCL (course BASC0033). 2021-22.
=985  \\$aUpgraded by BSS-generated file for WR1910-0531
=CAT  \\$aBATCH-MSDN$b00$c20081116$lBLL01$h1154
=CAT  \\$aBATCH-UPD$b00$c20081116$lBLL01$h1200
=CAT  \\$aBATCH$b00$c20081116$lBLL01$h1404
=CAT  \\$aBATCH-UPD$b00$c20100501$lBLL01$h0039
=CAT  \\$aWR13.117$c20130720$lBLL01$h1908
=CAT  \\$aWR14.046$c20140417$lBLL01$h1713
=CAT  \\$aWR13.144/5$c20140418$lBLL01$h1008
=CAT  \\$aWR14_057$b00$c20151129$lBLL01$h1955
=CAT  \\$aBATCH-DCW$b00$c20151210$lBLL01$h1759
=CAT  \\$aBATCH-FIX$c20160124$lBLL01$h1228
=CAT  \\$aBATCH-FIX$c20160125$lBLL01$h1512
=CAT  \\$aBATCH-DCW$b00$c20160710$lBLL01$h1006
=CAT  \\$aBATCH-DCW$c20160713$lBLL01$h1618
=CAT  \\$aW1807-0595$c20180717$lBLL01$h1729
=CAT  \\$a1805-0738$c20181228$lBLL01$h1819
=CAT  \\$a1805-0738$b00$c20181228$lBLL01$h1906
=CAT  \\$aW1910-0531$b00$c20191108$lBLL01$h1811
=CAT  \\$a14185$b40$c20220413$lBLL01$h1120
=FIN  \\$aY$d20081116
=LKR  \\$aPAR$lBLL01$r776$b000241342$m[A king and no king. London 1619.]$n[A king and no king. London 1619.]
=DGM  \\$a000241342$bCatBridge variable field
=DRT  \\$aMSD
=DRT  \\$aGOOGLEBOOKS
=SRC  \\$aGOOGLEBOOKS$bGoogleBooks_20150915
=SRC  \\$aMSD$bMSBooks_20160709
=SRC  \\$aMSD$bmsdig_000052
=LAS  \\$a14185$b40$c20220413$lBLL01$h1120

