=LDR  03502 am a22006973  4500
=001  014816272
=003  Uk
=005  20191108181129.0
=007  cr\mn\024mpadp
=007  cr\mn\024mpada
=008  040216|1677||||enk\\\\|s\\\\\|||\||eng\\
=FMT  \\$a  BK
=040  \\$aUk$cUk
=100  1\$aBehn, Aphra,$d1640-1689.
=245  14$aThe Rover, or, the Banish't Cavaliers. [A comedy in five acts and in prose, by Aphara Behn. Part the first.]$h[electronic resource]
=264  \1$aLondon,$c1677.
=300  \\$a85 pages ;$c(4º)
=336  \\$atext$2rdacontent
=337  \\$acomputer$2rdamedia
=338  \\$aonline resource$2rdacarrier
=340  \\$m4to$2rdabf
=500  \\$aThe second part was published with the author's name.
=720  \\$aROVER
=775  0\$t[The Rover, or, the Banish't Cavaliers. [A comedy in five acts and in prose, by Aphara Behn. Part the first.]]$w(Uk)MP1.0000274970.1$dpp. 83. John Amery: London, 1677. 4º.
=775  0\$t[The Rover, or, the Banish't Cavaliers. [A comedy in five acts and in prose, by Aphara Behn. Part the first.]]$w(Uk)MP1.0000274970.2$dpp. 68. J. Orme for Richard Wellington: London, 1697. 4º.
=775  0\$t[The Rover, or, the Banish't Cavaliers. [A comedy in five acts and in prose, by Aphara Behn. Part the first.]]$w(Uk)MP1.0000274970.3$dpp. 82. London, 1709. 4º.
=775  0\$t[The Rover, or, the Banish't Cavaliers. [A comedy in five acts and in prose, by Aphara Behn. Part the first.]]$w(Uk)MP1.0000274970.4$dpp. 96. W. Feales, etc.: London, 1735. 12º.
=775  0\$t[The Rover, or, the Banish't Cavaliers. [A comedy in five acts and in prose, by Aphara Behn. Part the first.]]$w(Uk)MP1.0000274970.5$dLondon, 1757. 8º.
=886  2\$2blmarc$a709$b00$aROVER$p644.g.12.(1.)$p11773.g.14.$p643.h.9.(7.)$x2830670272
=856  41$uhttp://books.google.co.uk/books?vid=BL:A0020150532$yGoogle_Books
=859  \\$aXLD$bMS Digitised
=859  \\$aXLD$bMSD
=859  \\$aXLD$bGOOGLEBOOKS
=852  4\$aBritish Library$bHMNTS$cDRT$jDigital Store 644.g.12.(1.)
=985  \\$aUpgraded by BSS-generated file for WR1910-0531
=CAT  \\$aBATCH-MSDN$b00$c20081116$lBLL01$h1154
=CAT  \\$aBATCH$b00$c20081116$lBLL01$h1404
=CAT  \\$aBATCH-UPD$b00$c20100501$lBLL01$h0039
=CAT  \\$aWR13.117$c20130720$lBLL01$h1908
=CAT  \\$aWR14.046$c20140417$lBLL01$h1713
=CAT  \\$aWR13.144/5$c20140418$lBLL01$h1008
=CAT  \\$aBATCH-DCW$b00$c20150923$lBLL01$h0207
=CAT  \\$aBATCH-UPD$b00$c20150923$lBLL01$h0209
=CAT  \\$aWR14_057$b00$c20151129$lBLL01$h1955
=CAT  \\$aBATCH-FIX$c20160124$lBLL01$h1228
=CAT  \\$aBATCH-FIX$c20160125$lBLL01$h1512
=CAT  \\$aBATCH-DCW$b00$c20160710$lBLL01$h1006
=CAT  \\$aBATCH-DCW$c20160713$lBLL01$h1618
=CAT  \\$aW1807-0595$c20180717$lBLL01$h1729
=CAT  \\$a1805-0738$c20181228$lBLL01$h1819
=CAT  \\$a1805-0738$b00$c20181228$lBLL01$h1906
=CAT  \\$aW1910-0531$b00$c20191108$lBLL01$h1811
=FIN  \\$aY$d20081116
=LKR  \\$aPAR$lBLL01$r776$b000252210$mThe Rover, or, the Banish't Cavaliers. [A comedy in five acts and in prose, by Aphara Behn. Part the first.]$nThe Rover, or, the Banish't Cavaliers. [A comedy in five acts and in prose, by Aphara Behn. Part the first.]
=DGM  \\$a000252210$bCatBridge variable field
=DRT  \\$aMSD
=DRT  \\$aGOOGLEBOOKS
=SRC  \\$aGOOGLEBOOKS$bGoogleBooks_20150922
=SRC  \\$aMSD$bMSBooks_20160709
=SRC  \\$aMSD$bmsdig_000052
=LAS  \\$aW1910-0531$b00$c20191108$lBLL01$h1811

