=LDR  02570 am a22006613  4500
=001  014816273
=003  Uk
=005  20201127182550.0
=007  cr\mn\024mpadp
=007  cr\mn\024mpada
=008  871118|1681||||enk\\\\|s\\\\\|||\||eng\\
=FMT  \\$a  BK
=040  \\$aUk$beng$cUk
=100  1\$aBehn, Aphra,$d1640-1689.
=245  14$aThe second part of The Rover. [A comedy.]$h[electronic resource]
=264  \1$aLondon :$bJacob Tonson,$c1681.
=300  \\$a85 pages ;$c(4º)
=336  \\$atext$2rdacontent
=337  \\$acomputer$2rdamedia
=338  \\$aonline resource$2rdacarrier
=340  \\$m4to$2rdabf
=655  \7$aComedy plays$2fast$0(OCoLC)fst01921567
=856  41$uhttp://books.google.co.uk/books?vid=BL:A0020150533$yGoogle_Books
=859  \\$aXLD$bMS Digitised
=859  \\$aXLD$bMSD
=859  \\$aXLD$bGOOGLEBOOKS
=883  0\$aLanguage codes assigned by Bayesian analysis of words present in record$d20201028$qUk$c0.9010
=852  4\$aBritish Library$bHMNTS$cDRT$jDigital Store 644.g.12.(2.)
=985  \\$aEnhanced during collaborative project with UCL (course BASC0033). 2019-20.
=985  \\$aUpgraded by BSS-generated file for WR1910-0531
=985  \\$aUpgraded by BSS-generated file for WR2011-1472
=CAT  \\$aBATCH-MSDN$b00$c20081116$lBLL01$h1154
=CAT  \\$aBATCH$b00$c20081116$lBLL01$h1404
=CAT  \\$aBATCH-UPD$b00$c20100501$lBLL01$h0039
=CAT  \\$aWR13.117$c20130720$lBLL01$h1908
=CAT  \\$aWR14.046$c20140417$lBLL01$h1713
=CAT  \\$aWR13.144/5$c20140418$lBLL01$h1008
=CAT  \\$aBATCH-DCW$b00$c20150928$lBLL01$h0206
=CAT  \\$aBATCH-UPD$b00$c20150928$lBLL01$h0208
=CAT  \\$aWR14_057$b00$c20151129$lBLL01$h1955
=CAT  \\$aBATCH-FIX$c20160124$lBLL01$h1228
=CAT  \\$aBATCH-FIX$c20160125$lBLL01$h1512
=CAT  \\$aBATCH-DCW$b00$c20160710$lBLL01$h1006
=CAT  \\$aBATCH-DCW$c20160713$lBLL01$h1618
=CAT  \\$a1805-0738$c20181228$lBLL01$h1819
=CAT  \\$a1805-0738$b00$c20181228$lBLL01$h1906
=CAT  \\$aW1910-0531$b00$c20191108$lBLL01$h1811
=CAT  \\$a14185$b40$c20200306$lBLL01$h1016
=CAT  \\$aW2011-1472$b00$c20201127$lBLL01$h1825
=FIN  \\$aY$d20081116
=LKR  \\$aPAR$lBLL01$r776$b000252222$mThe second part of The Rover. [A comedy.]$nThe second part of The Rover. [A comedy.]
=DGM  \\$a000252222$bCatBridge variable field
=DRT  \\$aMSD
=DRT  \\$aGOOGLEBOOKS
=SRC  \\$aGOOGLEBOOKS$bGoogleBooks_20150927
=SRC  \\$aMSD$bMSBooks_20160709
=SRC  \\$aMSD$bmsdig_000052
=LAS  \\$aW2011-1472$b00$c20201127$lBLL01$h1825

