=LDR  02988 am a22006253  4500
=001  014816323
=003  Uk
=005  20191108181129.0
=007  cr\mn\024mpadp
=007  cr\mn\024mpada
=008  880111|1607||||enk\\\\|s\\\\\|||\||eng\\
=FMT  \\$a  BK
=040  \\$aUk$cUk
=100  1\$aBOWES, Jerome,$cSir.
=245  10$aA True report of the horrible Murther [of Joan Wilson], which was committed in the house of Sir Ierome Bowes Knight, on the 20. day of February ... 1606 [by Edward Wilson and Robert Tetherton]. With the apprehension, detection and execution of the offenders.$h[electronic resource]
=264  \1$aLondon :$bH. L. for Mathew Lownes,$c1607.
=300  \\$c(4º)
=336  \\$atext$2rdacontent
=337  \\$acomputer$2rdamedia
=338  \\$aonline resource$2rdacarrier
=340  \\$m4to$2rdabf
=700  1\$aTETHERTON, Robert.
=700  1\$aWILSON, Edward,$cMurderer.
=700  1\$aWILSON, Joan,$cServant.
=886  2\$2blmarc$a709$b00$aTETHERTON$hRobert$p1077.i.17.$x3231190134
=886  2\$2blmarc$a709$b00$aWILSON$hEdward$fMurderer$p1077.i.17.$x3524500269
=886  2\$2blmarc$a709$b00$aWILSON$hJoan$fServant$p1077.i.17.$x3530130044
=859  \\$aXLD$bGOOGLEBOOKS
=859  \\$aXLD$bMS Digitised
=859  \\$aXLD$bMSD
=856  41$uhttp://books.google.com/books?vid=BL:A0021163404$yGoogle_Books
=852  4\$cDRT$jDigital Store 1077.i.17.$aBritish Library$bHMNTS
=985  \\$aUpgraded by BSS-generated file for WR1910-0531
=CAT  \\$aBATCH-MSDN$b00$c20081116$lBLL01$h1154
=CAT  \\$aBATCH$b00$c20081116$lBLL01$h1404
=CAT  \\$aBATCH-UPD$b00$c20100501$lBLL01$h0039
=CAT  \\$aWR13.117$c20130720$lBLL01$h1908
=CAT  \\$aWR14.046$c20140417$lBLL01$h1713
=CAT  \\$aWR13.144/5$c20140418$lBLL01$h1008
=CAT  \\$aBATCH-DCW$b00$c20160511$lBLL01$h0217
=CAT  \\$aBATCH-DCW$b00$c20160710$lBLL01$h1006
=CAT  \\$aWR14_057$b00$c20170504$lBLL01$h1839
=CAT  \\$aW1807-0595$c20180717$lBLL01$h1729
=CAT  \\$a1805-0738$c20181228$lBLL01$h1819
=CAT  \\$a1805-0738$b00$c20181228$lBLL01$h1906
=CAT  \\$aW1910-0531$b00$c20191108$lBLL01$h1811
=FIN  \\$aY$d20081116
=LKR  \\$aPAR$lBLL01$r776$b000439737$mA True report of the horrible Murther [of Joan Wilson], which was committed in the house of Sir Ierome Bowes Knight, on the 20. day of February ... 1606 [by Edward Wilson and Robert Tetherton]. With the apprehension, detection and execution of the offenders.$nA True report of the horrible Murther [of Joan Wilson], which was committed in the house of Sir Ierome Bowes Knight, on the 20. day of February ... 1606 [by Edward Wilson and Robert Tetherton]. With the apprehension, detection and execution of the offenders.
=DGM  \\$a000439737$bCatBridge variable field
=DRT  \\$aGOOGLEBOOKS
=DRT  \\$aMSD
=SRC  \\$aGOOGLEBOOKS$bGoogleBooks_20160510
=SRC  \\$aMSD$bMSBooks_20160709
=SRC  \\$aMSD$bmsdig_000052
=LAS  \\$aW1910-0531$b00$c20191108$lBLL01$h1811

