=LDR  02805 am a22006613  4500
=001  014816434
=003  Uk
=005  20201127182551.0
=007  cr\mn\024mpadp
=007  cr\mn\024mpada
=008  880208|1683||||enk\\\\|s\\\\\|||\||eng\\
=FMT  \\$a  BK
=040  \\$aUk$cUk
=100  1\$aC., C.
=245  10$aSylla's Ghost: a satyr against ambition, and the last horrid plot. [In verse. The dedication signed: C. C.]$h[electronic resource]
=264  \1$aLondon :$bPrinted by John Harefinch,$c1683.
=300  \\$a12 pages ;$c(folio)
=336  \\$atext$2rdacontent
=337  \\$acomputer$2rdamedia
=338  \\$aonline resource$2rdacarrier
=340  \\$mfolio$2rdabf
=700  1\$aSULLA, Lucius Cornelius,$cDictator of Rome.
=886  2\$2blmarc$a709$b00$aSULLA$hLucius Cornelius$fDictator of Rome$p11602.i.27.(3.)$x3171220296
=856  41$uhttp://books.google.com/books?vid=BL:A0021282406$yGoogle_Books
=859  \\$aXLD$bGOOGLEBOOKS
=859  \\$aXLD$bMS Digitised
=859  \\$aXLD$bMSD
=883  0\$aLanguage codes assigned by Bayesian analysis of words present in record$d20201028$qUk$c0.9010
=852  4\$aBritish Library$bHMNTS$cDRT$jDigital Store 11602.i.27.(3.)
=852  4\$cDRT$jDigital Store 11602.i.27.(3)$aBritish Library$bHMNTS
=985  \\$aUpgraded by BSS-generated file for WR1910-0531
=985  \\$aUpgraded by BSS-generated file for WR2011-1472
=CAT  \\$aBATCH-MSDN$b00$c20081116$lBLL01$h1154
=CAT  \\$aBATCH$b00$c20081116$lBLL01$h1404
=CAT  \\$aBATCH-UPD$b00$c20100501$lBLL01$h0039
=CAT  \\$aWR13.117$c20130720$lBLL01$h1908
=CAT  \\$aWR14.046$c20140417$lBLL01$h1713
=CAT  \\$aWR13.144/5$c20140418$lBLL01$h1008
=CAT  \\$aBATCH-DCW$b00$c20160614$lBLL01$h0206
=CAT  \\$aBATCH-DCW$b00$c20160710$lBLL01$h1006
=CAT  \\$aWR14_057$b00$c20170504$lBLL01$h1839
=CAT  \\$aBATCH-DCW$c20170927$lBLL01$h0826
=CAT  \\$aBATCH-DCW$c20170928$lBLL01$h1313
=CAT  \\$aBATCH-DCW$c20170928$lBLL01$h1323
=CAT  \\$aBATCH-DCW$b40$c20171003$lBLL01$h1813
=CAT  \\$a1805-0738$c20181228$lBLL01$h1819
=CAT  \\$a1805-0738$b00$c20181228$lBLL01$h1906
=CAT  \\$aW1910-0531$b00$c20191108$lBLL01$h1811
=CAT  \\$aW2011-1472$b00$c20201127$lBLL01$h1825
=FIN  \\$aY$d20081116
=LKR  \\$aPAR$lBLL01$r776$b000559689$mSylla's Ghost: a satyr against ambition, and the last horrid plot. [In verse. The dedication signed: C. C.]$nSylla's Ghost: a satyr against ambition, and the last horrid plot. [In verse. The dedication signed: C. C.]
=DGM  \\$a000559689$bCatBridge variable field
=DRT  \\$aGOOGLEBOOKS
=DRT  \\$aMSD
=SRC  \\$aGOOGLEBOOKS$bGoogleBooks_20160613
=SRC  \\$aMSD$bMSBooks_20160709
=SRC  \\$aMSD$bmsdig_000052
=LAS  \\$aW2011-1472$b00$c20201127$lBLL01$h1825

