=LDR  02891cam a22006733  4500
=001  014816435
=003  Uk
=005  20220615170754.0
=007  cr\mn\024mpadp
=007  cr\mn\024mpada
=008  880208|1661||||enk\\\\|s\\\\\|||\||eng\\
=FMT  \\$a  BK
=040  \\$aUk$beng$cUk
=100  1\$aC., I.
=245  10$a[A Pleasant Comedie, called The Two Merry Milke-Maids. Or, the Best words weare the garland. By I. C.]$h[electronic resource]
=264  \1$aLondon :$bPrinted by Tho. Johnson,$c1661.
=300  \\$c(4º)
=336  \\$atext$2rdacontent
=337  \\$acomputer$2rdamedia
=338  \\$aonline resource$2rdacarrier
=340  \\$m4to$2rdabf
=655  \7$aTragedies (Drama)$2fast$0(OCoLC)fst01921740
=655  \7$aComedy plays$2fast$0(OCoLC)fst01921567
=787  0\$tA Pleasant Comedie, called The Two Merry Milke-Maids. Or, the Best words weare the garland. By I. C.$w(Uk)MP1.0000588819$dBernard Alsop, for Lawrence Chapman: London, [1620.] 4º.
=856  41$uhttp://books.google.co.uk/books?vid=BL:A0020150382$yGoogle_Books
=859  \\$aXLD$bMS Digitised
=859  \\$aXLD$bMSD
=859  \\$aXLD$bGOOGLEBOOKS
=852  4\$aBritish Library$bHMNTS$cDRT$jDigital Store 643.d.43.
=985  \\$aEnhanced during collaborative project with UCL (course BASC0033). 2019-20.
=985  \\$aUpgraded by BSS-generated file for WR1910-0531
=985  \\$aCorrected by MS generated file for WR# 2206-0922 (250 field removed)
=CAT  \\$aBATCH-MSDN$b00$c20081116$lBLL01$h1154
=CAT  \\$aBATCH$b00$c20081116$lBLL01$h1404
=CAT  \\$aBATCH-UPD$b00$c20100501$lBLL01$h0039
=CAT  \\$aWR13.117$c20130720$lBLL01$h1908
=CAT  \\$aWR14.046$c20140417$lBLL01$h1713
=CAT  \\$aWR13.144/5$c20140418$lBLL01$h1008
=CAT  \\$aBATCH-DCW$b00$c20150917$lBLL01$h0211
=CAT  \\$aWR14_057$b00$c20151129$lBLL01$h1956
=CAT  \\$aBATCH-FIX$c20160124$lBLL01$h1228
=CAT  \\$aBATCH-FIX$c20160125$lBLL01$h1512
=CAT  \\$aBATCH-DCW$b00$c20160710$lBLL01$h1006
=CAT  \\$aBATCH-DCW$c20160713$lBLL01$h1618
=CAT  \\$aW1807-0595$c20180717$lBLL01$h1729
=CAT  \\$a1805-0738$c20181228$lBLL01$h1819
=CAT  \\$a1805-0738$b00$c20181228$lBLL01$h1906
=CAT  \\$aW1910-0531$b00$c20191108$lBLL01$h1811
=CAT  \\$a14185$b40$c20200306$lBLL01$h1216
=CAT  \\$aW2206-0922$c20220615$lBLL01$h1707
=FIN  \\$aY$d20081116
=LKR  \\$aPAR$lBLL01$r776$b000560363$m[A Pleasant Comedie, called The Two Merry Milke-Maids. Or, the Best words weare the garland. By I. C.]$n[A Pleasant Comedie, called The Two Merry Milke-Maids. Or, the Best words weare the garland. By I. C.]
=DGM  \\$a000560363$bCatBridge variable field
=DRT  \\$aMSD
=DRT  \\$aGOOGLEBOOKS
=SRC  \\$aGOOGLEBOOKS$bGoogleBooks_20150916
=SRC  \\$aMSD$bMSBooks_20160709
=SRC  \\$aMSD$bmsdig_000052
=LAS  \\$aW2206-0922$b00$c20220615$lBLL01$h1707

