=LDR  02764 am a22006973  4500
=001  014816613
=003  Uk
=005  20200306120652.0
=007  cr\mn\024mpadp
=007  cr\mn\024mpada
=008  880407|1643||||enk\\\\|s\\\\\|||\||eng\\
=FMT  \\$a  BK
=040  \\$aUk$beng$cUk
=100  1\$aD'Avenant, William,$d1606-1668$cSir,
=240  10$aSingle Works
=245  14$aThe Unfortunate Lovers: a tragedie, etc. [In verse.]$h[electronic resource]
=264  \1$aLondon :$bPrinted by R. H.; sold by Francis Coles,$c1643.
=300  \\$a47 pages ;$c(4º)
=336  \\$atext$2rdacontent
=337  \\$acomputer$2rdamedia
=338  \\$aonline resource$2rdacarrier
=340  \\$m4to$2rdabf
=655  \7$aPoetry$2fast$0(OCoLC)fst01423828
=655  \7$aTragedies (Drama)$2fast$0(OCoLC)fst01921740
=787  0\$t[The Unfortunate Lovers: a tragedie, etc. [In verse.]]$w(Uk)MP1.0000918782.1$dHumphrey Moseley: London, 1649. 4º.
=856  41$uhttp://books.google.co.uk/books?vid=BL:A0020150544$yGoogle_Books
=859  \\$aXLD$bMS Digitised
=859  \\$aXLD$bMSD
=859  \\$aXLD$bGOOGLEBOOKS
=852  4\$aBritish Library$bHMNTS$cDRT$jDigital Store 644.g.54.
=985  \\$aEnhanced during collaborative project with UCL (course BASC0033). 2019-20.
=985  \\$aUpgraded by BSS-generated file for WR1910-0531
=CAT  \\$aBATCH-MSDN$b00$c20081116$lBLL01$h1154
=CAT  \\$aBATCH$b00$c20081116$lBLL01$h1404
=CAT  \\$aBATCH-UPD$b00$c20100501$lBLL01$h0039
=CAT  \\$aWR13.117$c20130720$lBLL01$h1908
=CAT  \\$aWR14.046$c20140417$lBLL01$h1713
=CAT  \\$aWR13.144/5$c20140418$lBLL01$h1008
=CAT  \\$aBATCH-DCW$b00$c20150925$lBLL01$h0206
=CAT  \\$aWR14_057$b00$c20151129$lBLL01$h1956
=CAT  \\$aBATCH-FIX$c20160124$lBLL01$h1228
=CAT  \\$aBATCH-FIX$c20160125$lBLL01$h1512
=CAT  \\$a11814$b40$c20160316$lBLL01$h1650
=CAT  \\$aBATCH-DCW$b00$c20160710$lBLL01$h1006
=CAT  \\$aBATCH-DCW$c20160713$lBLL01$h1618
=CAT  \\$a10804$b40$c20180119$lBLL01$h1146
=CAT  \\$a10804$b40$c20180119$lBLL01$h1148
=CAT  \\$aW1807-0595$c20180717$lBLL01$h1729
=CAT  \\$a1805-0738$c20181228$lBLL01$h1820
=CAT  \\$a1805-0738$b00$c20181228$lBLL01$h1906
=CAT  \\$aW1910-0531$b00$c20191108$lBLL01$h1811
=CAT  \\$a14185$b40$c20200306$lBLL01$h1206
=FIN  \\$aY$d20081116
=LKR  \\$aPAR$lBLL01$r776$b000871571$mThe Unfortunate Lovers: a tragedie, etc. [In verse.]$nThe Unfortunate Lovers: a tragedie, etc. [In verse.]
=DGM  \\$a000871571$bCatBridge variable field
=DRT  \\$aMSD
=DRT  \\$aGOOGLEBOOKS
=SRC  \\$aGOOGLEBOOKS$bGoogleBooks_20150924
=SRC  \\$aMSD$bMSBooks_20160709
=SRC  \\$aMSD$bmsdig_000052
=LAS  \\$a14185$b40$c20200306$lBLL01$h1206

