=LDR  03026 am a22006973  4500
=001  014816661
=003  Uk
=005  20200306122344.0
=007  cr\mn\024mpadp
=007  cr\mn\024mpada
=008  880603|1677||||enk\\\\|s\\\\\|||\||eng\\
=FMT  \\$a  BK
=040  \\$aUk$beng$cUk
=100  1\$aDryden, John,$d1631-1700.
=240  10$aSingle Works. Tyrannic love
=245  10$a[Tyrannick love, or The royal martyr. A tragedy. As it is acted by his Majesties Servants, at the Theatre Royal.]$h[electronic resource]
=250  \\$aThe third edition, review'd by the author.
=264  \1$aLondon :$bprinted for H. Herringman,$c1677.
=300  \\$a69 pages ;$c(4º)
=336  \\$atext$2rdacontent
=337  \\$acomputer$2rdamedia
=338  \\$aonline resource$2rdacarrier
=340  \\$m4to$2rdabf
=655  \7$aTragedies (Drama)$2fast$0(OCoLC)fst01921740
=787  0\$tTyrannick love, or The royal martyr. A tragedy. As it is acted by his Majesties Servants, at the Theatre Royal.$w(Uk)MP1.0001039642$dLondon: printed for H. Herringman, 1670. pp. 66. 4º.
=856  41$uhttp://books.google.co.uk/books?vid=BL:A0020150548$yGoogle_Books
=859  \\$aXLD$bMS Digitised
=859  \\$aXLD$bMSD
=859  \\$aXLD$bGOOGLEBOOKS
=852  4\$aBritish Library$bHMNTS$cDRT$jDigital Store 644.g.67.
=985  \\$aEnhanced during collaborative project with UCL (course BASC0033). 2019-20.
=985  \\$aUpgraded by BSS-generated file for WR1910-0531
=CAT  \\$aBATCH-MSDN$b00$c20081116$lBLL01$h1154
=CAT  \\$aBATCH-UPD$b00$c20081116$lBLL01$h1218
=CAT  \\$aBATCH$b00$c20081116$lBLL01$h1404
=CAT  \\$aBATCH-UPD$b00$c20100501$lBLL01$h0039
=CAT  \\$aWR13.117$c20130720$lBLL01$h1908
=CAT  \\$aWR14.046$c20140417$lBLL01$h1713
=CAT  \\$aWR13.144/5$c20140418$lBLL01$h1008
=CAT  \\$aWR11_211$c20141230$lBLL01$h1738
=CAT  \\$aBLSS-CORR$b00$c20141230$lBLL01$h1743
=CAT  \\$aBATCH-DCW$b00$c20150923$lBLL01$h0207
=CAT  \\$aWR14_057$b00$c20151129$lBLL01$h1957
=CAT  \\$aBATCH-FIX$c20160124$lBLL01$h1228
=CAT  \\$aBATCH-FIX$c20160125$lBLL01$h1512
=CAT  \\$aBATCH-DCW$b00$c20160710$lBLL01$h1006
=CAT  \\$aBATCH-DCW$c20160713$lBLL01$h1618
=CAT  \\$aW1807-0595$c20180717$lBLL01$h1729
=CAT  \\$a1805-0738$c20181228$lBLL01$h1820
=CAT  \\$a1805-0738$b00$c20181228$lBLL01$h1906
=CAT  \\$aW1910-0531$b00$c20191108$lBLL01$h1811
=CAT  \\$a14185$b40$c20200306$lBLL01$h1223
=FIN  \\$aY$d20081116
=LKR  \\$aPAR$lBLL01$r776$b000987927$m[Tyrannick love, or The royal martyr. A tragedy. As it is acted by his Majesties Servants, at the Theatre Royal.]$n[Tyrannick love, or The royal martyr. A tragedy. As it is acted by his Majesties Servants, at the Theatre Royal.]
=DGM  \\$a000987927$bCatBridge variable field
=DRT  \\$aMSD
=DRT  \\$aGOOGLEBOOKS
=SRC  \\$aGOOGLEBOOKS$bGoogleBooks_20150922
=SRC  \\$aMSD$bMSBooks_20160709
=SRC  \\$aMSD$bmsdig_000052
=LAS  \\$a14185$b40$c20200306$lBLL01$h1223

