=LDR  02760 am a22006493  4500
=001  014816689
=003  Uk
=005  20191108181131.0
=007  cr\mn\024mpadp
=007  cr\mn\024mpada
=008  010606|1668||||enk\\\\|s\\\\\|||\||eng\\
=FMT  \\$a  BK
=040  \\$aUk$cUk
=100  1\$aETHEREGE, George,$cSir.
=240  10$aShe would if she could.
=245  10$aShe Wou'd if she Cou'd, a comedy [in five acts and in prose].$h[electronic resource]
=264  \1$aLondon,$c1668.
=300  \\$c(4º)
=336  \\$atext$2rdacontent
=337  \\$acomputer$2rdamedia
=338  \\$aonline resource$2rdacarrier
=340  \\$m4to$2rdabf
=775  0\$t[She Wou'd if she Cou'd, a comedy [in five acts and in prose].]$w(Uk)MP1.0001227447.1$dIn the Savoy: [London,] 1671. 4º.
=775  0\$t[She Wou'd if she Cou'd, a comedy [in five acts and in prose].]$w(Uk)MP1.0001227447.2$dLondon, 1693. 4º.
=775  0\$t[She Wou'd if she Cou'd, a comedy [in five acts and in prose].]$w(Uk)MP1.0001227447.3$nIn A collection of the best English Plays. vol. 6. 1711, etc. 8º.
=775  0\$t[She Wou'd if she Cou'd, a comedy [in five acts and in prose].]$w(Uk)MP1.0001227447.4$dLondon, 1735. 12º.
=856  41$uhttp://books.google.co.uk/books?vid=BL:A0020150556$yGoogle_Books
=859  \\$aXLD$bMS Digitised
=859  \\$aXLD$bMSD
=859  \\$aXLD$bGOOGLEBOOKS
=852  4\$aBritish Library$bHMNTS$cDRT$jDigital Store 644.h.29.
=985  \\$aUpgraded by BSS-generated file for WR1910-0531
=CAT  \\$aBATCH-MSDN$b00$c20081116$lBLL01$h1154
=CAT  \\$aBATCH$b00$c20081116$lBLL01$h1404
=CAT  \\$aBATCH-UPD$b00$c20100501$lBLL01$h0039
=CAT  \\$aWR13.117$c20130720$lBLL01$h1908
=CAT  \\$aWR14.046$c20140417$lBLL01$h1713
=CAT  \\$aWR13.144/5$c20140418$lBLL01$h1008
=CAT  \\$aBATCH-DCW$b00$c20150925$lBLL01$h0206
=CAT  \\$aWR14_057$b00$c20151129$lBLL01$h1957
=CAT  \\$aBATCH-FIX$c20160124$lBLL01$h1228
=CAT  \\$aBATCH-FIX$c20160125$lBLL01$h1512
=CAT  \\$aBATCH-DCW$b00$c20160710$lBLL01$h1006
=CAT  \\$aBATCH-DCW$c20160713$lBLL01$h1618
=CAT  \\$aW1807-0595$c20180717$lBLL01$h1729
=CAT  \\$a1805-0738$c20181228$lBLL01$h1820
=CAT  \\$a1805-0738$b00$c20181228$lBLL01$h1906
=CAT  \\$aW1910-0531$b00$c20191108$lBLL01$h1811
=FIN  \\$aY$d20081116
=LKR  \\$aPAR$lBLL01$r776$b001168900$mShe Wou'd if she Cou'd, a comedy [in five acts and in prose].$nShe Wou'd if she Cou'd, a comedy [in five acts and in prose].
=DGM  \\$a001168900$bCatBridge variable field
=DRT  \\$aMSD
=DRT  \\$aGOOGLEBOOKS
=SRC  \\$aGOOGLEBOOKS$bGoogleBooks_20150924
=SRC  \\$aMSD$bMSBooks_20160709
=SRC  \\$aMSD$bmsdig_000052
=LAS  \\$aW1910-0531$b00$c20191108$lBLL01$h1811

