=LDR  02502 am a22006013  4500
=001  014816893
=003  Uk
=005  20191108181132.0
=007  cr\mn\024mpadp
=007  cr\mn\024mpada
=008  881004|1618||||enk\\\\|s\\\\\|||\||eng\\
=FMT  \\$a  BK
=040  \\$aUk$cUk
=100  1\$aHOLYDAY, Barten.
=245  10$aΤεχνογαμια: or the Marriages of the Arts. A comedie [in five acts, in prose and verse], etc.$h[electronic resource]
=264  \1$aLondon :$bW. Stansby for J. Parker,$c1618.
=300  \\$c(4º)
=336  \\$atext$2rdacontent
=337  \\$acomputer$2rdamedia
=338  \\$aonline resource$2rdacarrier
=340  \\$m4to$2rdabf
=775  0\$t[Τεχνογαμια: or the Marriages of the Arts. A comedie [in five acts, in prose and verse], etc.]$w(Uk)MP1.0001813850.1$dJ. Haviland for R. Meighen: London, 1630. 4º.
=856  41$uhttp://books.google.co.uk/books?vid=BL:A0020150375$yGoogle_Books
=859  \\$aXLD$bMS Digitised
=859  \\$aXLD$bMSD
=859  \\$aXLD$bGOOGLEBOOKS
=852  4\$aBritish Library$bHMNTS$cDRT$jDigital Store 643.c.52.
=985  \\$aUpgraded by BSS-generated file for WR1910-0531
=CAT  \\$aBATCH-MSDN$b00$c20081116$lBLL01$h1154
=CAT  \\$aBATCH$b00$c20081116$lBLL01$h1404
=CAT  \\$aBATCH-UPD$b00$c20100501$lBLL01$h0039
=CAT  \\$aWR13.117$c20130720$lBLL01$h1908
=CAT  \\$aWR14.046$c20140417$lBLL01$h1713
=CAT  \\$aWR13.144/5$c20140418$lBLL01$h1008
=CAT  \\$aBATCH-DCW$b00$c20150917$lBLL01$h0211
=CAT  \\$aWR14_057$b00$c20151129$lBLL01$h1958
=CAT  \\$aBATCH-FIX$c20160124$lBLL01$h1228
=CAT  \\$aBATCH-FIX$c20160125$lBLL01$h1512
=CAT  \\$aBATCH-DCW$b00$c20160710$lBLL01$h1006
=CAT  \\$aBATCH-DCW$c20160713$lBLL01$h1618
=CAT  \\$aW1807-0595$c20180717$lBLL01$h1729
=CAT  \\$a1805-0738$c20181228$lBLL01$h1820
=CAT  \\$a1805-0738$b00$c20181228$lBLL01$h1906
=CAT  \\$aW1910-0531$b00$c20191108$lBLL01$h1811
=FIN  \\$aY$d20081116
=LKR  \\$aPAR$lBLL01$r776$b001720349$mΤεχνογαμια: or the Marriages of the Arts. A comedie [in five acts, in prose and verse], etc.$nΤεχνογαμια: or the Marriages of the Arts. A comedie [in five acts, in prose and verse], etc.
=DGM  \\$a001720349$bCatBridge variable field
=DRT  \\$aMSD
=DRT  \\$aGOOGLEBOOKS
=SRC  \\$aGOOGLEBOOKS$bGoogleBooks_20150916
=SRC  \\$aMSD$bMSBooks_20160709
=SRC  \\$aMSD$bmsdig_000052
=LAS  \\$aW1910-0531$b00$c20191108$lBLL01$h1811

