=LDR  02297 am a22005893  4500
=001  014817119
=003  Uk
=005  20191108181134.0
=007  cr\mn\024mpadp
=007  cr\mn\024mpada
=008  890224|1697||||enk\\\\|s\\\\||||\||eng\\
=FMT  \\$a  BK
=040  \\$aUk$cUk
=245  14$aThe Humorous Lieutenant, or Generous Enemies, a comedy [in five acts and in verse. By Beaumont and Fletcher].$h[electronic resource]
=264  \1$aLondon,$c1697.
=300  \\$c(4º)
=336  \\$atext$2rdacontent
=337  \\$acomputer$2rdamedia
=338  \\$aonline resource$2rdacarrier
=340  \\$m4to$2rdabf
=720  \\$aLIEUTENANT
=856  41$uhttp://books.google.co.uk/books?vid=BL:A0020150530$yGoogle_Books
=859  \\$aXLD$bMS Digitised
=859  \\$aXLD$bMSD
=859  \\$aXLD$bGOOGLEBOOKS
=852  4\$aBritish Library$bHMNTS$cDRT$jDigital Store 644.g.9.
=985  \\$aUpgraded by BSS-generated file for WR1910-0531
=CAT  \\$aBATCH-MSDN$b00$c20081116$lBLL01$h1155
=CAT  \\$aBATCH$b00$c20081116$lBLL01$h1404
=CAT  \\$aBATCH-UPD$b00$c20100501$lBLL01$h0039
=CAT  \\$aWR13.117$c20130720$lBLL01$h1908
=CAT  \\$aWR14.046$c20140417$lBLL01$h1713
=CAT  \\$aWR13.144/5$c20140418$lBLL01$h1008
=CAT  \\$aBATCH-DCW$b00$c20150923$lBLL01$h0207
=CAT  \\$aWR14_057$b00$c20151129$lBLL01$h1959
=CAT  \\$aBATCH-FIX$c20160124$lBLL01$h1228
=CAT  \\$aBATCH-FIX$c20160125$lBLL01$h1512
=CAT  \\$aBATCH-DCW$b00$c20160710$lBLL01$h1006
=CAT  \\$aBATCH-DCW$c20160713$lBLL01$h1618
=CAT  \\$aW1807-0595$c20180717$lBLL01$h1729
=CAT  \\$a1805-0738$c20181228$lBLL01$h1820
=CAT  \\$a1805-0738$b00$c20181228$lBLL01$h1906
=CAT  \\$aW1910-0531$b00$c20191108$lBLL01$h1811
=FIN  \\$aY$d20081116
=LKR  \\$aPAR$lBLL01$r776$b002166832$mThe Humorous Lieutenant, or Generous Enemies, a comedy [in five acts and in verse. By Beaumont and Fletcher].$nThe Humorous Lieutenant, or Generous Enemies, a comedy [in five acts and in verse. By Beaumont and Fletcher].
=DGM  \\$a002166832$bCatBridge variable field
=DRT  \\$aMSD
=DRT  \\$aGOOGLEBOOKS
=SRC  \\$aGOOGLEBOOKS$bGoogleBooks_20150922
=SRC  \\$aMSD$bMSBooks_20160709
=SRC  \\$aMSD$bmsdig_000052
=LAS  \\$aW1910-0531$b00$c20191108$lBLL01$h1811

