=LDR  02776cam a22006733  4500
=001  014817440
=003  Uk
=005  20220413112817.0
=007  cr\mn\024mpadp
=007  cr\mn\024mpada
=008  890721|1647||||enk\\\\|s\\\\||||\||eng\\
=FMT  \\$a  BK
=040  \\$aUk$cUk
=245  10$a[The Character of a London Diurnall. [By J. Cleaveland.]]$h[electronic resource]
=250  \\$a[Another edition.] The Character of a London-Diurnall, etc. [By J. Cleveland.]
=264  \1$a[London],$c1647.
=300  \\$a50 pages ;$c(4º)
=336  \\$atext$2rdacontent
=337  \\$acomputer$2rdamedia
=338  \\$aonline resource$2rdacarrier
=340  \\$m4to$2rdabf
=651  \7$aEngland$zLondon.$2fast$0(OCoLC)fst01204271
=700  1\$aCLEVELAND, John,$cPoet.
=720  \\$aLONDON DIURNAL
=787  0\$tThe Character of a London Diurnall. [By J. Cleaveland.]$w(Uk)MP1.0002386995$d[Oxford?], 1644. 4º.
=886  2\$2blmarc$a709$b00$aCLEVELAND$hJohn$fPoet$pE.375.(22.)$x0642510180$pG.11490.$x0642510180$p1476.b.11.$x0642510180$p8122.bb.30.$x0642510180$p992.b.43.$x0642510180
=856  41$uhttp://books.google.com/books?vid=BL:A0020559457$yGoogle_Books
=859  \\$aXLD$bMS Digitised
=859  \\$aXLD$bMSD
=859  \\$aXLD$bGOOGLEBOOKS
=852  4\$aBritish Library$bHMNTS$cDRT$jDigital Store 992.b.43.
=985  \\$aEnhanced during collaborative project with UCL (course BASC0033). 2021-22.
=985  \\$aUpgraded by BSS-generated file for WR1910-0531
=CAT  \\$aBATCH-MSDN$b00$c20081116$lBLL01$h1155
=CAT  \\$aBATCH$b00$c20081116$lBLL01$h1404
=CAT  \\$aBATCH-UPD$b00$c20100501$lBLL01$h0039
=CAT  \\$aWR13.117$c20130720$lBLL01$h1908
=CAT  \\$aWR14.046$c20140417$lBLL01$h1713
=CAT  \\$aWR13.144/5$c20140418$lBLL01$h1009
=CAT  \\$aBATCH-DCW$b00$c20151208$lBLL01$h0211
=CAT  \\$aBATCH-FIX$c20160124$lBLL01$h1228
=CAT  \\$aBATCH-FIX$c20160125$lBLL01$h1512
=CAT  \\$aWR14_057$b00$c20160502$lBLL01$h1157
=CAT  \\$aBATCH-DCW$b00$c20160710$lBLL01$h1006
=CAT  \\$aBATCH-DCW$c20160713$lBLL01$h1618
=CAT  \\$aW1807-0595$c20180717$lBLL01$h1729
=CAT  \\$a1805-0738$c20181228$lBLL01$h1820
=CAT  \\$a1805-0738$b00$c20181228$lBLL01$h1906
=CAT  \\$aW1910-0531$b00$c20191108$lBLL01$h1811
=CAT  \\$a14185$b40$c20220413$lBLL01$h1128
=FIN  \\$aY$d20081116
=LKR  \\$aPAR$lBLL01$r776$b002252848$m[The Character of a London Diurnall. [By J. Cleaveland.]]$n[The Character of a London Diurnall. [By J. Cleaveland.]]
=DGM  \\$a002252848$bCatBridge variable field
=DRT  \\$aMSD
=DRT  \\$aGOOGLEBOOKS
=SRC  \\$aGOOGLEBOOKS$bGoogleBooks_20151207
=SRC  \\$aMSD$bMSBooks_20160709
=SRC  \\$aMSD$bmsdig_000052
=LAS  \\$a14185$b40$c20220413$lBLL01$h1128

