=LDR  02565 am a22005773  4500
=001  014817484
=003  Uk
=005  20081116115515.0
=007  cr\mn\024mpadp
=007  cr\mn\024mpada
=008  890411|1584|||||||\\\\|s\\\\\|||\||eng\\
=FMT  \\$a  BK
=040  \\$aUk$cUk
=100  1\$aLOSA, Andres de la.
=245  10$aVerdadero Entretenimiento del Christiano, en el qual se trata de las quatro postrimerias del Hombre, que son: Muerte, Iuyzio, Infierno, Gloria. Compuesto en verso de otaua rima, etc.$h[electronic resource]
=264  \1$aSeuilla :$bEn casa de Alonso de la Barrera ... a costa de Iacome Lopez,$c1584.
=300  \\$a119 pages ;$c(4º)
=336  \\$atext$2rdacontent
=337  \\$acomputer$2rdamedia
=338  \\$aonline resource$2rdacarrier
=340  \\$m4to$2rdabf
=859  \\$aXLD$bGOOGLEBOOKS
=859  \\$aXLD$bMS Digitised
=859  \\$aXLD$bMSD
=856  41$uhttp://books.google.com/books?vid=BL:A0021163379$yGoogle_Books
=852  4\$cDRT$jDigital Store 1077.g.52.$aBritish Library$bHMNTS
=985  \\$aCorrected by MS generated file for WR# 11/211
=985  \\$aCorrected by MS generated file for WR# 1805-0738
=CAT  \\$aBATCH-MSDN$b00$c20081116$lBLL01$h1155
=CAT  \\$aBATCH$b00$c20081116$lBLL01$h1404
=CAT  \\$aBATCH-UPD$b00$c20100501$lBLL01$h0039
=CAT  \\$aWR13.117$c20130720$lBLL01$h1908
=CAT  \\$aWR14.046$c20140417$lBLL01$h1713
=CAT  \\$aWR13.144/5$c20140418$lBLL01$h1009
=CAT  \\$aWR11_211$c20141230$lBLL01$h1738
=CAT  \\$aBLSS-CORR$b00$c20141230$lBLL01$h1743
=CAT  \\$aBATCH-DCW$b00$c20160710$lBLL01$h1006
=CAT  \\$aBATCH-DCW$b00$c20160720$lBLL01$h0745
=CAT  \\$aWR14_057$b00$c20170504$lBLL01$h1839
=CAT  \\$aW1807-0595$c20180717$lBLL01$h1729
=CAT  \\$a1805-0738$c20181228$lBLL01$h1820
=CAT  \\$a1805-0738$b00$c20181228$lBLL01$h1906
=FIN  \\$aY$d20081116
=LKR  \\$aPAR$lBLL01$r776$b002263347$mVerdadero Entretenimiento del Christiano, en el qual se trata de las quatro postrimerias del Hombre, que son: Muerte, Iuyzio, Infierno, Gloria. Compuesto en verso de otaua rima, etc.$nVerdadero Entretenimiento del Christiano, en el qual se trata de las quatro postrimerias del Hombre, que son: Muerte, Iuyzio, Infierno, Gloria. Compuesto en verso de otaua rima, etc.
=DGM  \\$a002263347$bCatBridge variable field
=DRT  \\$aGOOGLEBOOKS
=DRT  \\$aMSD
=SRC  \\$aGOOGLEBOOKS$bGoogleBooks_20160719
=SRC  \\$aMSD$bMSBooks_20160709
=SRC  \\$aMSD$bmsdig_000052
=LAS  \\$a1805-0738$b00$c20181228$lBLL01$h1906

