=LDR  02362 am a22006133  4500
=001  014818618
=003  Uk
=005  20191108181142.0
=007  cr\mn\024mpadp
=007  cr\mn\024mpada
=008  890522|1613||||enk\\\\|s\\\\\|||\||eng\\
=FMT  \\$a  BK
=040  \\$aUk$cUk
=100  1\$aMarston, John,$d1575?-1634.
=245  14$aThe Insatiate Countesse. A Tragedie [in five acts, in prose and in verse].$h[electronic resource]
=264  \1$aLondon :$bPrinted by T. S. for T. Archer,$c1613.
=300  \\$c(4º)
=336  \\$atext$2rdacontent
=337  \\$acomputer$2rdamedia
=338  \\$aonline resource$2rdacarrier
=340  \\$m4to$2rdabf
=500  \\$aWithout pagination. Imperfect; wanting the last leaf.
=856  41$uhttp://books.google.co.uk/books?vid=BL:A0020150466$yGoogle_Books
=859  \\$aXLD$bMS Digitised
=859  \\$aXLD$bMSD
=859  \\$aXLD$bGOOGLEBOOKS
=852  4\$aBritish Library$bHMNTS$cDRT$jDigital Store 644.b.72.
=985  \\$aUpgraded by BSS-generated file for WR1910-0531
=CAT  \\$aBATCH-MSDN$b00$c20081116$lBLL01$h1155
=CAT  \\$aBATCH$b00$c20081116$lBLL01$h1405
=CAT  \\$aBATCH-UPD$b00$c20100501$lBLL01$h0040
=CAT  \\$aWR13.117$c20130720$lBLL01$h1909
=CAT  \\$aWR14.046$c20140417$lBLL01$h1713
=CAT  \\$aWR13.144/5$c20140418$lBLL01$h1009
=CAT  \\$aBATCH-DCW$b00$c20150917$lBLL01$h0211
=CAT  \\$aWR14_057$b00$c20151129$lBLL01$h2000
=CAT  \\$a8874$b40$c20151215$lBLL01$h1403
=CAT  \\$aBATCH-FIX$c20160124$lBLL01$h1228
=CAT  \\$aBATCH-FIX$c20160125$lBLL01$h1512
=CAT  \\$aBATCH-DCW$b00$c20160710$lBLL01$h1006
=CAT  \\$aBATCH-DCW$c20160713$lBLL01$h1618
=CAT  \\$aW1807-0595$c20180717$lBLL01$h1729
=CAT  \\$a1805-0738$c20181228$lBLL01$h1820
=CAT  \\$a1805-0738$b00$c20181228$lBLL01$h1906
=CAT  \\$aW1910-0531$b00$c20191108$lBLL01$h1811
=FIN  \\$aY$d20081116
=LKR  \\$aPAR$lBLL01$r776$b002396298$mThe Insatiate Countesse. A Tragedie [in five acts, in prose and in verse].$nThe Insatiate Countesse. A Tragedie [in five acts, in prose and in verse].
=DGM  \\$a002396298$bCatBridge variable field
=DRT  \\$aMSD
=DRT  \\$aGOOGLEBOOKS
=SRC  \\$aGOOGLEBOOKS$bGoogleBooks_20150916
=SRC  \\$aMSD$bMSBooks_20160709
=SRC  \\$aMSD$bmsdig_000052
=LAS  \\$aW1910-0531$b00$c20191108$lBLL01$h1811

