=LDR  02901 am a22006493  4500
=001  014819355
=003  Uk
=005  20191108181146.0
=007  cr\mn\024mpadp
=007  cr\mn\024mpada
=008  890703|1670||||enk\\\\|s\\\\\|||\||eng\\
=FMT  \\$a  BK
=040  \\$aUk$cUk
=100  1\$aMolière,$d1622-1673.
=240  10$aSingle Works. Tartuffe. English
=245  10$aTartuffe; or, the French Puritan, a comedy [in five acts, in verse] render'd into English with much addition and advantage by M. Medbourne, etc.$h[electronic resource]
=264  \1$aLondon :$bJ. Magnus,$c1670.
=300  \\$a66 pages ;$c(4º)
=336  \\$atext$2rdacontent
=337  \\$acomputer$2rdamedia
=338  \\$aonline resource$2rdacarrier
=340  \\$m4to$2rdabf
=700  1\$aMEDBURNE, Matthew.
=775  0\$t[Tartuffe; or, the French Puritan, a comedy [in five acts, in verse] render'd into English with much addition and advantage by M. Medbourne, etc.]$w(Uk)MP1.0002674791.1$dpp. 65. R. Wellington: London, 1707. 4º.
=886  2\$2blmarc$a709$b00$aMEDBURNE$hMatthew$p643.d.77.$x217025031X$p643.d.78.$x217025031X
=856  41$uhttp://books.google.co.uk/books?vid=BL:A0020150385$yGoogle_Books
=859  \\$aXLD$bMS Digitised
=859  \\$aXLD$bMSD
=859  \\$aXLD$bGOOGLEBOOKS
=852  4\$aBritish Library$bHMNTS$cDRT$jDigital Store 643.d.77.
=985  \\$aUpgraded by BSS-generated file for WR1910-0531
=CAT  \\$aBATCH-MSDN$b00$c20081116$lBLL01$h1156
=CAT  \\$aBATCH$b00$c20081116$lBLL01$h1406
=CAT  \\$aBATCH-UPD$b00$c20081212$lBLL01$h1246
=CAT  \\$aBATCH-UPD$b00$c20100501$lBLL01$h0040
=CAT  \\$aWR13.117$c20130720$lBLL01$h1909
=CAT  \\$aWR14.046$c20140417$lBLL01$h1714
=CAT  \\$aWR13.144/5$c20140418$lBLL01$h1009
=CAT  \\$aBATCH-DCW$b00$c20150915$lBLL01$h0238
=CAT  \\$aWR14_057$b00$c20151129$lBLL01$h2000
=CAT  \\$aBATCH-FIX$c20160124$lBLL01$h1228
=CAT  \\$aBATCH-FIX$c20160125$lBLL01$h1512
=CAT  \\$aBATCH-DCW$b00$c20160710$lBLL01$h1006
=CAT  \\$aBATCH-DCW$c20160713$lBLL01$h1618
=CAT  \\$aW1807-0595$c20180717$lBLL01$h1729
=CAT  \\$a1805-0738$c20181228$lBLL01$h1820
=CAT  \\$a1805-0738$b00$c20181228$lBLL01$h1906
=CAT  \\$aW1910-0531$b00$c20191108$lBLL01$h1811
=FIN  \\$aY$d20081116
=LKR  \\$aPAR$lBLL01$r776$b002521072$mTartuffe; or, the French Puritan, a comedy [in five acts, in verse] render'd into English with much addition and advantage by M. Medbourne, etc.$nTartuffe; or, the French Puritan, a comedy [in five acts, in verse] render'd into English with much addition and advantage by M. Medbourne, etc.
=DGM  \\$a002521072$bCatBridge variable field
=DRT  \\$aMSD
=DRT  \\$aGOOGLEBOOKS
=SRC  \\$aGOOGLEBOOKS$bGoogleBooks_20150914
=SRC  \\$aMSD$bMSBooks_20160709
=SRC  \\$aMSD$bmsdig_000052
=LAS  \\$aW1910-0531$b00$c20191108$lBLL01$h1811

