=LDR  02641 am a22006013  4500
=001  014826056
=003  Uk
=005  20191108181201.0
=007  cr\mn\024mpadp
=007  cr\mn\024mpada
=008  960116|1697||||enk\\\\|s\\\\\|||\||eng\\
=FMT  \\$a  BK
=040  \\$aUk$cUk
=100  1\$aMOUNTFORT, William.
=245  14$aThe Life and Death of Doctor Faustus, made into a farce. ... With the humours of Harlequin and Scaramouche, etc. [In three acts, in prose and verse.]$h[electronic resource]
=264  \1$aLondon,$c1697.
=300  \\$c(4º)
=336  \\$atext$2rdacontent
=337  \\$acomputer$2rdamedia
=338  \\$aonline resource$2rdacarrier
=340  \\$m4to$2rdabf
=775  0\$t[The Life and Death of Doctor Faustus, made into a farce. ... With the humours of Harlequin and Scaramouche, etc. [In three acts, in prose and verse.]]$w(Uk)MP1.0002726534.1$dpp. xxxviii. 44. 1886.
=856  41$uhttp://books.google.co.uk/books?vid=BL:A0020150575$yGoogle_Books
=859  \\$aXLD$bMS Digitised
=859  \\$aXLD$bMSD
=859  \\$aXLD$bGOOGLEBOOKS
=852  4\$aBritish Library$bHMNTS$cDRT$jDigital Store 644.h.70.
=985  \\$aUpgraded by BSS-generated file for WR1910-0531
=CAT  \\$aBATCH-MSDN$b00$c20081120$lBLL01$h1127
=CAT  \\$aBATCH$b00$c20081120$lBLL01$h1652
=CAT  \\$aBATCH-UPD$b00$c20100501$lBLL01$h0041
=CAT  \\$aWR13.117$c20130720$lBLL01$h1910
=CAT  \\$aWR14.046$c20140417$lBLL01$h1715
=CAT  \\$aWR13.144/5$c20140418$lBLL01$h1010
=CAT  \\$aBATCH-DCW$b00$c20150922$lBLL01$h0204
=CAT  \\$aWR14_057$b00$c20151129$lBLL01$h2000
=CAT  \\$aBATCH-FIX$c20160124$lBLL01$h1228
=CAT  \\$aBATCH-FIX$c20160125$lBLL01$h1512
=CAT  \\$aBATCH-DCW$b00$c20160710$lBLL01$h1007
=CAT  \\$aBATCH-DCW$c20160713$lBLL01$h1618
=CAT  \\$aW1807-0595$c20180717$lBLL01$h1729
=CAT  \\$a1805-0738$c20181228$lBLL01$h1821
=CAT  \\$a1805-0738$b00$c20181228$lBLL01$h1907
=CAT  \\$aW1910-0531$b00$c20191108$lBLL01$h1812
=FIN  \\$aY$d20081120
=LKR  \\$aPAR$lBLL01$r776$b002569080$mThe Life and Death of Doctor Faustus, made into a farce. ... With the humours of Harlequin and Scaramouche, etc. [In three acts, in prose and verse.]$nThe Life and Death of Doctor Faustus, made into a farce. ... With the humours of Harlequin and Scaramouche, etc. [In three acts, in prose and verse.]
=DGM  \\$a002569080$bCatBridge variable field
=DRT  \\$aMSD
=DRT  \\$aGOOGLEBOOKS
=SRC  \\$aGOOGLEBOOKS$bGoogleBooks_20150921
=SRC  \\$aMSD$bMSBooks_20160709
=SRC  \\$aMSD$bmsdig_000053
=LAS  \\$aW1910-0531$b00$c20191108$lBLL01$h1812

