=LDR  03235 am a22006733  4500
=001  014826061
=003  Uk
=005  20200306120035.0
=007  cr\mn\024mpadp
=007  cr\mn\024mpada
=008  890714|1610||||enk\\\\|s\\\\||||\||eng\\
=FMT  \\$a  BK
=040  \\$aUk$beng$cUk
=245  10$a[A most pleasant Comedie [in verse and prose] of Mucedorus the kings sonne of Valentia and Amadine the Kings daughter of Arragon, with the merie conceites of Mouse, etc. [Attributed to Shakspere.]]$h[electronic resource]
=250  \\$a[Another edition.] Amplefied with new additions, etc.
=264  \1$aLondon :$bImprinted for W. Jones,$c1610.
=300  \\$c(4º)
=336  \\$atext$2rdacontent
=337  \\$acomputer$2rdamedia
=338  \\$aonline resource$2rdacarrier
=340  \\$m4to$2rdabf
=655  \7$aPoetry$2fast$0(OCoLC)fst01423828
=655  \7$aTragedies (Drama)$2fast$0(OCoLC)fst01921740
=655  \7$aComedy plays$2fast$0(OCoLC)fst01921567
=720  \\$aMUCEDORUS
=787  0\$tA most pleasant Comedie [in verse and prose] of Mucedorus the kings sonne of Valentia and Amadine the Kings daughter of Arragon, with the merie conceites of Mouse, etc. [Attributed to Shakspere.]$w(Uk)MP1.0002729872$dPrinted for W. Jones: London, 1598. 4º.
=856  41$uhttp://books.google.co.uk/books?vid=BL:A0020150370$yGoogle_Books
=859  \\$aXLD$bMS Digitised
=859  \\$aXLD$bMSD
=859  \\$aXLD$bGOOGLEBOOKS
=852  4\$aBritish Library$bHMNTS$cDRT$jDigital Store 643.c.31.
=985  \\$aEnhanced during collaborative project with UCL (course BASC0033). 2019-20.
=985  \\$aUpgraded by BSS-generated file for WR1910-0531
=CAT  \\$aBATCH-MSDN$b00$c20081120$lBLL01$h1127
=CAT  \\$aBATCH$b00$c20081120$lBLL01$h1652
=CAT  \\$aBATCH-UPD$b00$c20100501$lBLL01$h0041
=CAT  \\$aWR13.117$c20130720$lBLL01$h1910
=CAT  \\$aWR14.046$c20140417$lBLL01$h1715
=CAT  \\$aWR13.144/5$c20140418$lBLL01$h1010
=CAT  \\$aBATCH-DCW$b00$c20150917$lBLL01$h0211
=CAT  \\$aWR14_057$b00$c20151129$lBLL01$h2000
=CAT  \\$aBATCH-FIX$c20160124$lBLL01$h1228
=CAT  \\$aBATCH-FIX$c20160125$lBLL01$h1512
=CAT  \\$aBATCH-DCW$b00$c20160710$lBLL01$h1007
=CAT  \\$aBATCH-DCW$c20160713$lBLL01$h1618
=CAT  \\$aW1807-0595$c20180717$lBLL01$h1729
=CAT  \\$a1805-0738$c20181228$lBLL01$h1821
=CAT  \\$a1805-0738$b00$c20181228$lBLL01$h1907
=CAT  \\$aW1910-0531$b00$c20191108$lBLL01$h1812
=CAT  \\$a14185$b40$c20200306$lBLL01$h1200
=FIN  \\$aY$d20081120
=LKR  \\$aPAR$lBLL01$r776$b002571996$m[A most pleasant Comedie [in verse and prose] of Mucedorus the kings sonne of Valentia and Amadine the Kings daughter of Arragon, with the merie conceites of Mouse, etc. [Attributed to Shakspere.]]$n[A most pleasant Comedie [in verse and prose] of Mucedorus the kings sonne of Valentia and Amadine the Kings daughter of Arragon, with the merie conceites of Mouse, etc. [Attributed to Shakspere.]]
=DGM  \\$a002571996$bCatBridge variable field
=DRT  \\$aMSD
=DRT  \\$aGOOGLEBOOKS
=SRC  \\$aGOOGLEBOOKS$bGoogleBooks_20150916
=SRC  \\$aMSD$bMSBooks_20160709
=SRC  \\$aMSD$bmsdig_000053
=LAS  \\$a14185$b40$c20200306$lBLL01$h1200

