=LDR  02282 am a22005773  4500
=001  014826625
=003  Uk
=005  20200304132846.0
=007  cr\mn\024mpadp
=007  cr\mn\024mpada
=008  890904|1696||||enk\\\\|s\\\\\|||\||eng\\
=FMT  \\$a  BK
=040  \\$aUk$beng$cUk
=100  1\$aOLDMIXON, John.
=245  10$aPoems on several occasions, written in imitation of the manner of Anacreon, with other poems, letters and translations.$h[electronic resource]
=264  \1$aLondon,$c1696.
=300  \\$c(8º)
=336  \\$atext$2rdacontent
=337  \\$acomputer$2rdamedia
=338  \\$aonline resource$2rdacarrier
=340  \\$m8vo$2rdabf
=655  \7$aPoetry$2fast$0(OCoLC)fst01423828
=859  \\$aXLD$bGOOGLEBOOKS
=859  \\$aXLD$bMS Digitised
=859  \\$aXLD$bMSD
=856  41$uhttp://books.google.com/books?vid=BL:A0021163427$yGoogle_Books
=852  4\$cDRT$jDigital Store 1077.l.9.$aBritish Library$bHMNTS
=985  \\$aUpgraded by BSS-generated file for WR1910-0531
=CAT  \\$aBATCH-MSDN$b00$c20081120$lBLL01$h1127
=CAT  \\$aBATCH$b00$c20081120$lBLL01$h1652
=CAT  \\$aBATCH-UPD$b00$c20100501$lBLL01$h0041
=CAT  \\$aWR13.117$c20130720$lBLL01$h1910
=CAT  \\$aWR14.046$c20140417$lBLL01$h1715
=CAT  \\$aWR13.144/5$c20140418$lBLL01$h1010
=CAT  \\$aBATCH-DCW$b00$c20160513$lBLL01$h0211
=CAT  \\$aBATCH-DCW$b00$c20160710$lBLL01$h1007
=CAT  \\$aWR14_057$b00$c20170504$lBLL01$h1839
=CAT  \\$aW1807-0595$c20180717$lBLL01$h1729
=CAT  \\$a1805-0738$c20181228$lBLL01$h1821
=CAT  \\$a1805-0738$b00$c20181228$lBLL01$h1907
=CAT  \\$aW1910-0531$b00$c20191108$lBLL01$h1812
=CAT  \\$a14185$b40$c20200304$lBLL01$h1328
=FIN  \\$aY$d20081120
=LKR  \\$aPAR$lBLL01$r776$b002702850$mPoems on several occasions, written in imitation of the manner of Anacreon, with other poems, letters and translations.$nPoems on several occasions, written in imitation of the manner of Anacreon, with other poems, letters and translations.
=DGM  \\$a002702850$bCatBridge variable field
=DRT  \\$aGOOGLEBOOKS
=DRT  \\$aMSD
=SRC  \\$aGOOGLEBOOKS$bGoogleBooks_20160512
=SRC  \\$aMSD$bMSBooks_20160709
=SRC  \\$aMSD$bmsdig_000053
=LAS  \\$a14185$b40$c20200304$lBLL01$h1328

