=LDR  02340cam a22006133  4500
=001  014827118
=003  Uk
=005  20220907113959.0
=007  cr\mn\024mpadp
=007  cr\mn\024mpada
=008  891010|1593||||enk\\\\|s\\\\\|||\||eng\\
=FMT  \\$a  BK
=040  \\$aUk$cUk
=100  1\$aPEACHAM, Henry,$cthe Elder.
=245  10$a[The garden of eloquence, etc.]$h[electronic resource]
=264  \1$aLondon :$bR. F. for H. Jackson,$c1593.
=300  \\$c(4º)
=336  \\$atext$2rdacontent
=337  \\$acomputer$2rdamedia
=338  \\$aonline resource$2rdacarrier
=340  \\$m4to$2rdabf
=500  \\$aCorrected and augmented by the first author, H. P. [Peachman].
=500  \\$aPrinted in black letter.
=787  0\$tThe garden of eloquence, etc.$w(Uk)MP1.0002987478$dMenston: Scolar Press, 1971. SBN 85417 441 9 Pages not numbered. 23 cm.
=856  41$uhttp://books.google.com/books?vid=BL:A0021163408$yGoogle_Books
=859  \\$aXLD$bGOOGLEBOOKS
=859  \\$aXLD$bMS Digitised
=859  \\$aXLD$bMSD
=852  4\$cDRT$jDigital Store 1077.i.31.$aBritish Library$bHMNTS
=985  \\$aUpgraded by BSS-generated file for WR1910-0531
=985  \\$aFormer 250 field split into notes fields for WR#2209-0443
=CAT  \\$aBATCH-MSDN$b00$c20081120$lBLL01$h1128
=CAT  \\$aBATCH$b00$c20081120$lBLL01$h1652
=CAT  \\$aBATCH-UPD$b00$c20100501$lBLL01$h0041
=CAT  \\$aWR13.117$c20130720$lBLL01$h1910
=CAT  \\$aWR14.046$c20140417$lBLL01$h1715
=CAT  \\$aWR13.144/5$c20140418$lBLL01$h1010
=CAT  \\$aBATCH-DCW$b00$c20160710$lBLL01$h1007
=CAT  \\$aWR14_057$b00$c20170504$lBLL01$h1839
=CAT  \\$aW1807-0595$c20180717$lBLL01$h1729
=CAT  \\$aBATCH-DCW$b00$c20181205$lBLL01$h0205
=CAT  \\$a1805-0738$c20190121$lBLL01$h1741
=CAT  \\$a1805-0738$b00$c20190121$lBLL01$h1745
=CAT  \\$aW1910-0531$b00$c20191108$lBLL01$h1812
=CAT  \\$aW2209-0443$c20220907$lBLL01$h1152
=FIN  \\$aY$d20081120
=LKR  \\$aPAR$lBLL01$r776$b002802722$m[The garden of eloquence, etc.]$n[The garden of eloquence, etc.]
=DGM  \\$a002802722$bCatBridge variable field
=DRT  \\$aGOOGLEBOOKS
=DRT  \\$aMSD
=SRC  \\$aGOOGLEBOOKS$bGoogleBooks_20181204
=SRC  \\$aMSD$bMSBooks_20160709
=SRC  \\$aMSD$bmsdig_000053
=LAS  \\$aW2209-0443$b00$c20220907$lBLL01$h1152

