=LDR  02662 am a22005773  4500
=001  014827119
=003  Uk
=005  20191108181209.0
=007  cr\mn\024mpadp
=007  cr\mn\024mpada
=008  891010|1664||||enk\\\\|s\\\\\|||\||eng\\
=FMT  \\$a  BK
=040  \\$aUk$cUk
=100  1\$aPEACHAM, Henry,$cthe Younger.
=245  10$a[The Worth of a Peny: or a caution to keep money. With the causes of the scarcity and misery of the want hereof in these hard and mercilesse times, etc.]$h[electronic resource]
=250  \\$a[Another edition.] The Worth of a Peny ... With some additions of notes in the margin; and the Greek and Latin Sentences englished, etc.
=264  \1$aLondon,$c1664.
=300  \\$c(4º)
=336  \\$atext$2rdacontent
=337  \\$acomputer$2rdamedia
=338  \\$aonline resource$2rdacarrier
=340  \\$m4to$2rdabf
=787  0\$tThe Worth of a Peny: or a caution to keep money. With the causes of the scarcity and misery of the want hereof in these hard and mercilesse times, etc.$w(Uk)MP1.0002987507$dLondon, 1647. 4º.
=859  \\$aXLD$bGOOGLEBOOKS
=859  \\$aXLD$bMS Digitised
=859  \\$aXLD$bMSD
=856  41$uhttp://books.google.com/books?vid=BL:A0021163405$yGoogle_Books
=852  4\$cDRT$jDigital Store 1077.i.21.$aBritish Library$bHMNTS
=985  \\$aUpgraded by BSS-generated file for WR1910-0531
=CAT  \\$aBATCH-MSDN$b00$c20081120$lBLL01$h1128
=CAT  \\$aBATCH$b00$c20081120$lBLL01$h1652
=CAT  \\$aBATCH-UPD$b00$c20100501$lBLL01$h0041
=CAT  \\$aWR13.117$c20130720$lBLL01$h1910
=CAT  \\$aWR14.046$c20140417$lBLL01$h1715
=CAT  \\$aWR13.144/5$c20140418$lBLL01$h1010
=CAT  \\$aBATCH-DCW$b00$c20160511$lBLL01$h0217
=CAT  \\$aBATCH-DCW$b00$c20160710$lBLL01$h1007
=CAT  \\$aWR14_057$b00$c20170504$lBLL01$h1839
=CAT  \\$aW1807-0595$c20180717$lBLL01$h1729
=CAT  \\$a1805-0738$c20181228$lBLL01$h1821
=CAT  \\$a1805-0738$b00$c20181228$lBLL01$h1907
=CAT  \\$aW1910-0531$b00$c20191108$lBLL01$h1812
=FIN  \\$aY$d20081120
=LKR  \\$aPAR$lBLL01$r776$b002802754$m[The Worth of a Peny: or a caution to keep money. With the causes of the scarcity and misery of the want hereof in these hard and mercilesse times, etc.]$n[The Worth of a Peny: or a caution to keep money. With the causes of the scarcity and misery of the want hereof in these hard and mercilesse times, etc.]
=DGM  \\$a002802754$bCatBridge variable field
=DRT  \\$aGOOGLEBOOKS
=DRT  \\$aMSD
=SRC  \\$aGOOGLEBOOKS$bGoogleBooks_20160510
=SRC  \\$aMSD$bMSBooks_20160709
=SRC  \\$aMSD$bmsdig_000053
=LAS  \\$aW1910-0531$b00$c20191108$lBLL01$h1812

