=LDR  02949cam a22006973  4500
=001  014827367
=003  Uk
=005  20220615170800.0
=007  cr\mn\024mpadp
=007  cr\mn\024mpada
=008  891128|1630||||enk\\\\|s\\\\||||\||eng\\
=FMT  \\$a  BK
=040  \\$aUk$beng$cUk
=245  10$a[The Phoenix, etc. [A dramatic piece, in verse and prose. By T. Middleton.]]$h[electronic resource]
=264  \1$aLondon :$bPrinted by T. H. for R. Meigher,$c1630.
=300  \\$c(4º)
=336  \\$atext$2rdacontent
=337  \\$acomputer$2rdamedia
=338  \\$aonline resource$2rdacarrier
=340  \\$m4to$2rdabf
=655  \7$aPoetry$2fast$0(OCoLC)fst01423828
=655  \7$aDrama$2fast$0(OCoLC)fst01423879
=700  1\$aMIDDLETON, Thomas,$cDramatist.$tSingle Works.
=720  \\$aPHOENIX
=787  0\$tThe Phoenix, etc. [A dramatic piece, in verse and prose. By T. Middleton.]$w(Uk)MP1.0003092592$dPrinted by E. A. for A. I.: London, 1607. 4º.
=886  2\$2blmarc$a709$b00$aMIDDLETON$hThomas$fDramatist$tSingle Works$p161.a.68.$x221055022X$p644.f.9.$x221055022X
=856  41$uhttp://books.google.co.uk/books?vid=BL:A0020150520$yGoogle_Books
=859  \\$aXLD$bMS Digitised
=859  \\$aXLD$bMSD
=859  \\$aXLD$bGOOGLEBOOKS
=852  4\$aBritish Library$bHMNTS$cDRT$jDigital Store 644.f.9.
=985  \\$aEnhanced during collaborative project with UCL (course BASC0033). 2019-20.
=985  \\$aUpgraded by BSS-generated file for WR1910-0531
=985  \\$aCorrected by MS generated file for WR# 2206-0922 (250 field removed)
=CAT  \\$aBATCH-MSDN$b00$c20081120$lBLL01$h1128
=CAT  \\$aBATCH$b00$c20081120$lBLL01$h1653
=CAT  \\$aBATCH-UPD$b00$c20100501$lBLL01$h0041
=CAT  \\$aWR13.117$c20130720$lBLL01$h1911
=CAT  \\$aWR14.046$c20140417$lBLL01$h1715
=CAT  \\$aWR13.144/5$c20140418$lBLL01$h1011
=CAT  \\$aBATCH-DCW$b00$c20150923$lBLL01$h0207
=CAT  \\$aWR14_057$b00$c20151129$lBLL01$h2001
=CAT  \\$aBATCH-FIX$c20160124$lBLL01$h1228
=CAT  \\$aBATCH-FIX$c20160125$lBLL01$h1512
=CAT  \\$aBATCH-DCW$b00$c20160710$lBLL01$h1007
=CAT  \\$aBATCH-DCW$c20160713$lBLL01$h1618
=CAT  \\$aW1807-0595$c20180717$lBLL01$h1729
=CAT  \\$a1805-0738$c20181228$lBLL01$h1821
=CAT  \\$a1805-0738$b00$c20181228$lBLL01$h1907
=CAT  \\$aW1910-0531$b00$c20191108$lBLL01$h1812
=CAT  \\$a14185$b40$c20200306$lBLL01$h1152
=CAT  \\$aW2206-0922$c20220615$lBLL01$h1708
=FIN  \\$aY$d20081120
=LKR  \\$aPAR$lBLL01$r776$b002906296$m[The Phoenix, etc. [A dramatic piece, in verse and prose. By T. Middleton.]]$n[The Phoenix, etc. [A dramatic piece, in verse and prose. By T. Middleton.]]
=DGM  \\$a002906296$bCatBridge variable field
=DRT  \\$aMSD
=DRT  \\$aGOOGLEBOOKS
=SRC  \\$aGOOGLEBOOKS$bGoogleBooks_20150922
=SRC  \\$aMSD$bMSBooks_20160709
=SRC  \\$aMSD$bmsdig_000053
=LAS  \\$aW2206-0922$b00$c20220615$lBLL01$h1708

