=LDR  02465 am a22006133  4500
=001  014827520
=003  Uk
=005  20081120112824.0
=007  cr\mn\024mpadp
=007  cr\mn\024mpada
=008  891201|1510|||||||\\\\|s\\\\||||\||eng\\
=FMT  \\$a  BK
=040  \\$aUk$cUk
=240  10$aMoralia. Latin
=245  10$aPiutarchi Chaeronensis Regum  Imperatorum Apophthegmata (Laconica Apophthegmata) Raphaele Regio interprete. MS. notes.$h[electronic resource]
=264  \1$a[Paris] :$bin aedibus Nicolai Crispini,$c[1510?]
=300  \\$c(4º)
=336  \\$atext$2rdacontent
=337  \\$acomputer$2rdamedia
=338  \\$aonline resource$2rdacarrier
=340  \\$m4to$2rdabf
=700  1\$aREGIUS, Raphael.
=720  \\$aPLUTARCH
=886  2\$2blmarc$a709$b00$aREGIUS$hRaphael$p1077.f.39.$x2722900165
=859  \\$aXLD$bGOOGLEBOOKS
=859  \\$aXLD$bMS Digitised
=859  \\$aXLD$bMSD
=856  41$uhttp://books.google.com/books?vid=BL:A0021163367$yGoogle_Books
=852  4\$cDRT$jDigital Store 1077.f.39.$aBritish Library$bHMNTS
=985  \\$aCorrected by MS generated file for WR# 11/211
=985  \\$aCorrected by MS generated file for WR# 1805-0738
=CAT  \\$aBATCH-MSDN$b00$c20081120$lBLL01$h1128
=CAT  \\$aBATCH$b00$c20081120$lBLL01$h1653
=CAT  \\$aBATCH-UPD$b00$c20100501$lBLL01$h0041
=CAT  \\$aWR13.117$c20130720$lBLL01$h1911
=CAT  \\$aWR14.046$c20140417$lBLL01$h1715
=CAT  \\$aWR13.144/5$c20140418$lBLL01$h1011
=CAT  \\$aWR11_211$c20141230$lBLL01$h1739
=CAT  \\$aBLSS-CORR$b00$c20141230$lBLL01$h1743
=CAT  \\$aBATCH-DCW$b00$c20160508$lBLL01$h0209
=CAT  \\$aBATCH-DCW$b00$c20160710$lBLL01$h1007
=CAT  \\$aWR14_057$b00$c20170504$lBLL01$h1839
=CAT  \\$aW1807-0595$c20180717$lBLL01$h1729
=CAT  \\$a1805-0738$c20181228$lBLL01$h1821
=CAT  \\$a1805-0738$b00$c20181228$lBLL01$h1907
=FIN  \\$aY$d20081120
=LKR  \\$aPAR$lBLL01$r776$b002938347$mPiutarchi Chaeronensis Regum  Imperatorum Apophthegmata (Laconica Apophthegmata) Raphaele Regio interprete. MS. notes.$nPiutarchi Chaeronensis Regum  Imperatorum Apophthegmata (Laconica Apophthegmata) Raphaele Regio interprete. MS. notes.
=DGM  \\$a002938347$bCatBridge variable field
=DRT  \\$aGOOGLEBOOKS
=DRT  \\$aMSD
=SRC  \\$aGOOGLEBOOKS$bGoogleBooks_20160507
=SRC  \\$aMSD$bMSBooks_20160709
=SRC  \\$aMSD$bmsdig_000053
=LAS  \\$a1805-0738$b00$c20181228$lBLL01$h1907

