=LDR  02662 am a22006493  4500
=001  014827879
=003  Uk
=005  20201127182617.0
=007  cr\mn\024mpadp
=007  cr\mn\024mpada
=008  891204|1641||||enk\\\\|s\\\\\|||\||eng\\
=FMT  \\$a  BK
=040  \\$aUk$cUk
=100  1\$aQUARLES, Francis.
=245  10$a[Divine fancies: digested into epigrammes, meditations, and observations.]$h[electronic resource]
=250  \\$a[Another edition.] Divine Fancies, etc.
=264  \1$aLondon,$c1641.
=300  \\$c(4º)
=336  \\$atext$2rdacontent
=337  \\$acomputer$2rdamedia
=338  \\$aonline resource$2rdacarrier
=340  \\$m4to$2rdabf
=787  0\$tDivine fancies: digested into epigrammes, meditations, and observations.$w(Uk)MP1.0003210673$dLondon: printed by M. F. for Iohn Marriot, 1638. pp. 204. 4º.
=856  41$uhttp://books.google.com/books?vid=BL:A0021163370$yGoogle_Books
=859  \\$aXLD$bGOOGLEBOOKS
=859  \\$aXLD$bMS Digitised
=859  \\$aXLD$bMSD
=883  0\$aLanguage codes assigned by Bayesian analysis of words present in record$d20201028$qUk$c0.9010
=852  4\$aBritish Library$bHMNTS$cDRT$jDigital Store 1077.g.12.(2.)
=985  \\$aUpgraded by BSS-generated file for WR1910-0531
=985  \\$aUpgraded by BSS-generated file for WR2011-1472
=CAT  \\$aBATCH-MSDN$b00$c20081120$lBLL01$h1128
=CAT  \\$aBATCH$b00$c20081120$lBLL01$h1653
=CAT  \\$aBATCH-UPD$b00$c20100501$lBLL01$h0042
=CAT  \\$aWR13.117$c20130720$lBLL01$h1911
=CAT  \\$aWR14.046$c20140417$lBLL01$h1715
=CAT  \\$aWR13.144/5$c20140418$lBLL01$h1011
=CAT  \\$aBATCH-DCW$b00$c20160508$lBLL01$h0209
=CAT  \\$aBATCH-DCW$b00$c20160710$lBLL01$h1007
=CAT  \\$aWR14_057$b00$c20170504$lBLL01$h1839
=CAT  \\$aBATCH-DCW$c20170927$lBLL01$h0826
=CAT  \\$aBATCH-DCW$c20170928$lBLL01$h1313
=CAT  \\$aBATCH-DCW$c20170928$lBLL01$h1323
=CAT  \\$aBATCH-DCW$b40$c20171003$lBLL01$h1814
=CAT  \\$a1805-0738$c20181228$lBLL01$h1821
=CAT  \\$a1805-0738$b00$c20181228$lBLL01$h1907
=CAT  \\$aW1910-0531$b00$c20191108$lBLL01$h1812
=CAT  \\$aW2011-1472$b00$c20201127$lBLL01$h1826
=FIN  \\$aY$d20081120
=LKR  \\$aPAR$lBLL01$r776$b003014602$m[Divine fancies: digested into epigrammes, meditations, and observations.]$n[Divine fancies: digested into epigrammes, meditations, and observations.]
=DGM  \\$a003014602$bCatBridge variable field
=DRT  \\$aGOOGLEBOOKS
=DRT  \\$aMSD
=SRC  \\$aGOOGLEBOOKS$bGoogleBooks_20160507
=SRC  \\$aMSD$bMSBooks_20160709
=SRC  \\$aMSD$bmsdig_000053
=LAS  \\$aW2011-1472$b00$c20201127$lBLL01$h1826

