=LDR  02728 am a22006613  4500
=001  014827895
=003  Uk
=005  20191108181213.0
=007  cr\mn\024mpadp
=007  cr\mn\024mpada
=008  891204|1675||||enk\\\\|s\\\\\|||\||eng\\
=FMT  \\$a  BK
=040  \\$aUk$cUk
=100  1\$aQuinault, Philippe,$d1635-1688.
=240  10$aSingle Works
=245  10$a[Agrippa, roy d'Albe.] Agrippa, King of Alba: or, the False Tiberinus, etc. [The translator's dedicatory epistle signed: J. D., i.e. John Dancer.]$h[electronic resource]
=264  \1$aLondon :$bJ. C. for Nich. Cox,$c1675.
=300  \\$a61 pages ;$c(4º)
=336  \\$atext$2rdacontent
=337  \\$acomputer$2rdamedia
=338  \\$aonline resource$2rdacarrier
=340  \\$m4to$2rdabf
=700  1\$aD., J.
=700  1\$aDANCER, John.
=886  2\$2blmarc$a709$b00$aD.$hJ.$p643.d.79.$x0752070096
=886  2\$2blmarc$a709$b00$aDANCER$hJohn$p643.d.79.$x076156019X
=856  41$uhttp://books.google.co.uk/books?vid=BL:A0020150386$yGoogle_Books
=859  \\$aXLD$bMS Digitised
=859  \\$aXLD$bMSD
=859  \\$aXLD$bGOOGLEBOOKS
=852  4\$aBritish Library$bHMNTS$cDRT$jDigital Store 643.d.79.
=985  \\$aUpgraded by BSS-generated file for WR1910-0531
=CAT  \\$aBATCH-MSDN$b00$c20081120$lBLL01$h1128
=CAT  \\$aBATCH$b00$c20081120$lBLL01$h1653
=CAT  \\$aBATCH-UPD$b00$c20100501$lBLL01$h0042
=CAT  \\$aWR13.117$c20130720$lBLL01$h1911
=CAT  \\$aWR14.046$c20140417$lBLL01$h1715
=CAT  \\$aWR13.144/5$c20140418$lBLL01$h1011
=CAT  \\$a11814$b40$c20140905$lBLL01$h1250
=CAT  \\$aBATCH-DCW$b00$c20150915$lBLL01$h0238
=CAT  \\$aWR14_057$b00$c20151129$lBLL01$h2001
=CAT  \\$aBATCH-FIX$c20160124$lBLL01$h1228
=CAT  \\$aBATCH-FIX$c20160125$lBLL01$h1512
=CAT  \\$aBATCH-DCW$b00$c20160710$lBLL01$h1007
=CAT  \\$aBATCH-DCW$c20160713$lBLL01$h1618
=CAT  \\$aW1807-0595$c20180717$lBLL01$h1729
=CAT  \\$a1805-0738$c20181228$lBLL01$h1821
=CAT  \\$a1805-0738$b00$c20181228$lBLL01$h1907
=CAT  \\$aW1910-0531$b00$c20191108$lBLL01$h1812
=FIN  \\$aY$d20081120
=LKR  \\$aPAR$lBLL01$r776$b003018918$m[Agrippa, roy d'Albe.] Agrippa, King of Alba: or, the False Tiberinus, etc. [The translator's dedicatory epistle signed: J. D., i.e. John Dancer.]$n[Agrippa, roy d'Albe.] Agrippa, King of Alba: or, the False Tiberinus, etc. [The translator's dedicatory epistle signed: J. D., i.e. John Dancer.]
=DGM  \\$a003018918$bCatBridge variable field
=DRT  \\$aMSD
=DRT  \\$aGOOGLEBOOKS
=SRC  \\$aGOOGLEBOOKS$bGoogleBooks_20150914
=SRC  \\$aMSD$bMSBooks_20160709
=SRC  \\$aMSD$bmsdig_000053
=LAS  \\$aW1910-0531$b00$c20191108$lBLL01$h1812

