=LDR  03500 am a22006973  4500
=001  014827909
=003  Uk
=005  20081120112840.0
=007  cr\mn\024mpadp
=007  cr\mn\024mpada
=008  980730|1638|||||||\\\\|s\\\\\|||\||eng\\
=FMT  \\$a  BK
=040  \\$aUk$cUk
=100  1\$aR., T.
=245  14$aThe Muses Looking-Glasse. [A comedy in five acts and in verse.] By T[homas] R[andolph].$h[electronic resource]
=264  \1$aOxford :$bL. Lichfield, for F. Bowman,$c1638.
=300  \\$c(4º)
=336  \\$atext$2rdacontent
=337  \\$acomputer$2rdamedia
=338  \\$aonline resource$2rdacarrier
=340  \\$m4to$2rdabf
=720  \\$aMUSE
=720  \\$aMUSES
=775  0\$t[The Muses Looking-Glasse. [A comedy in five acts and in verse.] By T[homas] R[andolph].]$w(Uk)MP1.0003219607.1$dpp. 83. London, 1643. 8º.
=775  0\$t[The Muses Looking-Glasse. [A comedy in five acts and in verse.] By T[homas] R[andolph].]$w(Uk)MP1.0003219607.2$dLondon, 1706. 12º.
=775  0\$t[The Muses Looking-Glasse. [A comedy in five acts and in verse.] By T[homas] R[andolph].]$w(Uk)MP1.0003219607.3$nSee Dodsley (R.) A Select Collection of Old Plays. vol. 6. 1744. 12º.
=775  0\$t[The Muses Looking-Glasse. [A comedy in five acts and in verse.] By T[homas] R[andolph].]$w(Uk)MP1.0003219607.4$nSee Dodsley (R.) A Select Collection of Old Plays. vol. 9. 1780. 8º.
=775  0\$t[The Muses Looking-Glasse. [A comedy in five acts and in verse.] By T[homas] R[andolph].]$w(Uk)MP1.0003219607.5$nSee British Drama. The Ancient British Drama. vol. 2. 1810. 8º.
=775  0\$t[The Muses Looking-Glasse. [A comedy in five acts and in verse.] By T[homas] R[andolph].]$w(Uk)MP1.0003219607.6$nSee Dodsley (R.) A Select Collection of Old Plays. vol. 9. 1825, etc. 8º.
=886  2\$2blmarc$a709$b00$aMUSE$p11775.aaa.2.$x2304660215$p643.c.75.$x2304660207
=886  2\$2blmarc$a709$b00$aMUSES$p643.c.75.$x2310060186
=856  41$uhttp://books.google.co.uk/books?vid=BL:A0020150379$yGoogle_Books
=859  \\$aXLD$bMS Digitised
=859  \\$aXLD$bMSD
=859  \\$aXLD$bGOOGLEBOOKS
=852  4\$aBritish Library$bHMNTS$cDRT$jDigital Store 643.c.75.
=985  \\$aCorrected by MS generated file for WR# 1805-0738
=CAT  \\$aBATCH-MSDN$b00$c20081120$lBLL01$h1128
=CAT  \\$aBATCH$b00$c20081120$lBLL01$h1653
=CAT  \\$aBATCH-UPD$b00$c20100501$lBLL01$h0042
=CAT  \\$aWR13.117$c20130720$lBLL01$h1911
=CAT  \\$aWR14.046$c20140417$lBLL01$h1715
=CAT  \\$aWR13.144/5$c20140418$lBLL01$h1011
=CAT  \\$aBATCH-DCW$b00$c20150917$lBLL01$h0211
=CAT  \\$aWR14_057$b00$c20151129$lBLL01$h2001
=CAT  \\$aBATCH-FIX$c20160124$lBLL01$h1228
=CAT  \\$aBATCH-FIX$c20160125$lBLL01$h1512
=CAT  \\$aBATCH-DCW$b00$c20160710$lBLL01$h1007
=CAT  \\$aBATCH-DCW$c20160713$lBLL01$h1618
=CAT  \\$aW1807-0595$c20180717$lBLL01$h1729
=CAT  \\$a1805-0738$c20181228$lBLL01$h1821
=CAT  \\$a1805-0738$b00$c20181228$lBLL01$h1907
=FIN  \\$aY$d20081120
=LKR  \\$aPAR$lBLL01$r776$b003022443$mThe Muses Looking-Glasse. [A comedy in five acts and in verse.] By T[homas] R[andolph].$nThe Muses Looking-Glasse. [A comedy in five acts and in verse.] By T[homas] R[andolph].
=DGM  \\$a003022443$bCatBridge variable field
=DRT  \\$aMSD
=DRT  \\$aGOOGLEBOOKS
=SRC  \\$aGOOGLEBOOKS$bGoogleBooks_20150916
=SRC  \\$aMSD$bMSBooks_20160709
=SRC  \\$aMSD$bmsdig_000053
=LAS  \\$a1805-0738$b00$c20181228$lBLL01$h1907

