=LDR  02640 am a22006373  4500
=001  014827913
=003  Uk
=005  20191108181213.0
=007  cr\mn\024mpadp
=007  cr\mn\024mpada
=008  891204|1682||||enk\\\\|s\\\\\|||\||eng\\
=FMT  \\$a  BK
=040  \\$aUk$cUk
=100  1\$aR., W.,$cMaster of Arts.
=245  14$aThe Christmas Ordinary, a Private Show; wherein is expressed the Jovial Freedom of that Festival. ... By W. R., Master of Arts.$h[electronic resource]
=264  \1$aLondon :$bJames Courtney,$c1682.
=300  \\$a22 pages ;$c(4º)
=336  \\$atext$2rdacontent
=337  \\$acomputer$2rdamedia
=338  \\$aonline resource$2rdacarrier
=340  \\$m4to$2rdabf
=700  1\$aRICHARDS, William,$cof Helmdon.
=720  \\$aCHRISTMAS ORDINARY
=886  2\$2blmarc$a709$b00$aCHRISTMAS ORDINARY$p643.d.10.$x0620690240
=886  2\$2blmarc$a709$b00$aRICHARDS$hWilliam$fof Helmdon$p643.d.10.$x2752300174
=856  41$uhttp://books.google.co.uk/books?vid=BL:A0020150381$yGoogle_Books
=859  \\$aXLD$bMS Digitised
=859  \\$aXLD$bMSD
=859  \\$aXLD$bGOOGLEBOOKS
=852  4\$aBritish Library$bHMNTS$cDRT$jDigital Store 643.d.10.
=985  \\$aUpgraded by BSS-generated file for WR1910-0531
=CAT  \\$aBATCH-MSDN$b00$c20081120$lBLL01$h1128
=CAT  \\$aBATCH$b00$c20081120$lBLL01$h1653
=CAT  \\$aBATCH-UPD$b00$c20100501$lBLL01$h0042
=CAT  \\$aWR13.117$c20130720$lBLL01$h1911
=CAT  \\$aWR14.046$c20140417$lBLL01$h1715
=CAT  \\$aWR13.144/5$c20140418$lBLL01$h1011
=CAT  \\$aWR14_057$b00$c20151129$lBLL01$h2001
=CAT  \\$aBATCH-DCW$b00$c20151210$lBLL01$h1759
=CAT  \\$aBATCH-FIX$c20160124$lBLL01$h1228
=CAT  \\$aBATCH-FIX$c20160125$lBLL01$h1512
=CAT  \\$aBATCH-DCW$b00$c20160710$lBLL01$h1007
=CAT  \\$aBATCH-DCW$c20160713$lBLL01$h1618
=CAT  \\$aW1807-0595$c20180717$lBLL01$h1729
=CAT  \\$a1805-0738$c20181228$lBLL01$h1821
=CAT  \\$a1805-0738$b00$c20181228$lBLL01$h1907
=CAT  \\$aW1910-0531$b00$c20191108$lBLL01$h1812
=FIN  \\$aY$d20081120
=LKR  \\$aPAR$lBLL01$r776$b003022568$mThe Christmas Ordinary, a Private Show; wherein is expressed the Jovial Freedom of that Festival. ... By W. R., Master of Arts.$nThe Christmas Ordinary, a Private Show; wherein is expressed the Jovial Freedom of that Festival. ... By W. R., Master of Arts.
=DGM  \\$a003022568$bCatBridge variable field
=DRT  \\$aMSD
=DRT  \\$aGOOGLEBOOKS
=SRC  \\$aGOOGLEBOOKS$bGoogleBooks_20150915
=SRC  \\$aMSD$bMSBooks_20160709
=SRC  \\$aMSD$bmsdig_000053
=LAS  \\$aW1910-0531$b00$c20191108$lBLL01$h1812

