=LDR  02795 am a22006253  4500
=001  014827994
=003  Uk
=005  20081120112843.0
=007  cr\mn\024mpadp
=007  cr\mn\024mpada
=008  891228|1634|||||||\\\\|s\\\\\|||\||eng\\
=FMT  \\$a  BK
=040  \\$aUk$cUk
=100  1\$aRandolph, Thomas,$d1605-1635.
=240  10$aSingle Works
=245  10$a[The Jealous Lovers. A Comedie [in five acts and in verse], presented to their gracious Majesties at Cambridge, by the Students of Trinity College.]$h[electronic resource]
=250  \\$a[Another edition.] The Jealous Lovers, etc.
=264  \1$aCambridge :$bThe Printers to the Universitie,$c1634.
=300  \\$c(4º)
=336  \\$atext$2rdacontent
=337  \\$acomputer$2rdamedia
=338  \\$aonline resource$2rdacarrier
=340  \\$m4to$2rdabf
=787  0\$tThe Jealous Lovers. A Comedie [in five acts and in verse], presented to their gracious Majesties at Cambridge, by the Students of Trinity College.$w(Uk)MP1.0003237536$dThe Printers to the Universitie: Cambridge, 1632. 4º.
=856  41$uhttp://books.google.co.uk/books?vid=BL:A0020150470$yGoogle_Books
=859  \\$aXLD$bMS Digitised
=859  \\$aXLD$bMSD
=859  \\$aXLD$bGOOGLEBOOKS
=852  4\$aBritish Library$bHMNTS$cDRT$jDigital Store 644.c.8.
=985  \\$aCorrected by MS generated file for WR# 1805-0738
=CAT  \\$aBATCH-MSDN$b00$c20081120$lBLL01$h1128
=CAT  \\$aBATCH$b00$c20081120$lBLL01$h1653
=CAT  \\$aBATCH-UPD$b00$c20100501$lBLL01$h0042
=CAT  \\$a11814$b40$c20130503$lBLL01$h1258
=CAT  \\$aWR13.117$c20130720$lBLL01$h1911
=CAT  \\$aWR14.046$c20140417$lBLL01$h1715
=CAT  \\$aWR13.144/5$c20140418$lBLL01$h1011
=CAT  \\$aBATCH-DCW$b00$c20150928$lBLL01$h0206
=CAT  \\$aWR14_057$b00$c20151129$lBLL01$h2001
=CAT  \\$aBATCH-FIX$c20160124$lBLL01$h1228
=CAT  \\$aBATCH-FIX$c20160125$lBLL01$h1512
=CAT  \\$aBATCH-DCW$b00$c20160710$lBLL01$h1007
=CAT  \\$aBATCH-DCW$c20160713$lBLL01$h1618
=CAT  \\$aW1807-0595$c20180717$lBLL01$h1729
=CAT  \\$a1805-0738$c20181228$lBLL01$h1821
=CAT  \\$a1805-0738$b00$c20181228$lBLL01$h1907
=FIN  \\$aY$d20081120
=LKR  \\$aPAR$lBLL01$r776$b003038737$m[The Jealous Lovers. A Comedie [in five acts and in verse], presented to their gracious Majesties at Cambridge, by the Students of Trinity College.]$n[The Jealous Lovers. A Comedie [in five acts and in verse], presented to their gracious Majesties at Cambridge, by the Students of Trinity College.]
=DGM  \\$a003038737$bCatBridge variable field
=DRT  \\$aMSD
=DRT  \\$aGOOGLEBOOKS
=SRC  \\$aGOOGLEBOOKS$bGoogleBooks_20150927
=SRC  \\$aMSD$bMSBooks_20160709
=SRC  \\$aMSD$bmsdig_000053
=LAS  \\$a1805-0738$b00$c20181228$lBLL01$h1907

