=LDR  03144 am a22006973  4500
=001  014828786
=003  Uk
=005  20200306102146.0
=007  cr\mn\024mpadp
=007  cr\mn\024mpada
=008  950427|1607||||enk\\\\|s\\\\\|||\||eng\\
=FMT  \\$a  BK
=040  \\$aUk$beng$cUk
=100  1\$aS., E.
=245  10$aCupid's Whirligig. [A comedy. The dedication is signed E. S., i.e. Edward Sharpham?]$h[electronic resource]
=264  \1$aLondon :$bE. Allde,$c1607.
=300  \\$c(4º)
=336  \\$atext$2rdacontent
=337  \\$acomputer$2rdamedia
=338  \\$aonline resource$2rdacarrier
=340  \\$m4to$2rdabf
=700  1\$aSHARPHAM, Edward.
=720  \\$aCUPID
=775  0\$t[Cupid's Whirligig. [A comedy. The dedication is signed E. S., i.e. Edward Sharpham?]]$w(Uk)MP1.0003425240.1$dImprinted by T. C[reed]: London, 1611. 4º.
=775  0\$t[Cupid's Whirligig. [A comedy. The dedication is signed E. S., i.e. Edward Sharpham?]]$w(Uk)MP1.0003425240.2$dImprinted by T. Creede and B. Alsop: London, 1616. 4º.
=775  0\$t[Cupid's Whirligig. [A comedy. The dedication is signed E. S., i.e. Edward Sharpham?]]$w(Uk)MP1.0003425240.3$dT. H. for R. Meighen: London, 1630. 4º.
=886  2\$2blmarc$a709$b00$aCUPID$p643.d.18.$p161.a.20.$p643.c.10.$p643.c.11.$p643.c.9.$x0742500020
=886  2\$2blmarc$a709$b00$aSHARPHAM$hEdward$p643.c.10.$p643.c.11.$p643.c.9.$x3001400056
=856  41$uhttp://books.google.co.uk/books?vid=BL:A0020150363$yGoogle_Books
=859  \\$aXLD$bMS Digitised
=859  \\$aXLD$bMSD
=859  \\$aXLD$bGOOGLEBOOKS
=852  4\$aBritish Library$bHMNTS$cDRT$jDigital Store 643.c.9.
=985  \\$aEnhanced during collaborative project with UCL (course BASC0033). 2019-20.
=985  \\$aUpgraded by BSS-generated file for WR1910-0531
=CAT  \\$aBATCH-MSDN$b00$c20081120$lBLL01$h1129
=CAT  \\$aBATCH$b00$c20081120$lBLL01$h1654
=CAT  \\$aBATCH-UPD$b00$c20100501$lBLL01$h0042
=CAT  \\$aWR13.117$c20130720$lBLL01$h1911
=CAT  \\$aWR14.046$c20140417$lBLL01$h1716
=CAT  \\$aWR13.144/5$c20140418$lBLL01$h1011
=CAT  \\$aBATCH-DCW$b00$c20150917$lBLL01$h0211
=CAT  \\$aWR14_057$b00$c20151129$lBLL01$h2002
=CAT  \\$aBATCH-FIX$c20160124$lBLL01$h1228
=CAT  \\$aBATCH-FIX$c20160125$lBLL01$h1512
=CAT  \\$aBATCH-DCW$b00$c20160710$lBLL01$h1007
=CAT  \\$aBATCH-DCW$c20160713$lBLL01$h1618
=CAT  \\$aW1807-0595$c20180717$lBLL01$h1729
=CAT  \\$a1805-0738$c20181228$lBLL01$h1821
=CAT  \\$a1805-0738$b00$c20181228$lBLL01$h1907
=CAT  \\$aW1910-0531$b00$c20191108$lBLL01$h1812
=CAT  \\$a14185$b40$c20200306$lBLL01$h1021
=FIN  \\$aY$d20081120
=LKR  \\$aPAR$lBLL01$r776$b003212310$mCupid's Whirligig. [A comedy. The dedication is signed E. S., i.e. Edward Sharpham?]$nCupid's Whirligig. [A comedy. The dedication is signed E. S., i.e. Edward Sharpham?]
=DGM  \\$a003212310$bCatBridge variable field
=DRT  \\$aMSD
=DRT  \\$aGOOGLEBOOKS
=SRC  \\$aGOOGLEBOOKS$bGoogleBooks_20150916
=SRC  \\$aMSD$bMSBooks_20160709
=SRC  \\$aMSD$bmsdig_000053
=LAS  \\$a14185$b40$c20200306$lBLL01$h1021

