=LDR  03135 am a22006733  4500
=001  014829284
=003  Uk
=005  20200306121338.0
=007  cr\mn\024mpadp
=007  cr\mn\024mpada
=008  900321|1694||||enk\\\\|s\\\\\|||\||eng\\
=FMT  \\$a  BK
=040  \\$aUk$beng$cUk
=100  1\$aSETTLE, Elkanah.
=245  10$aPastor Fido; or, The Faithful Shepherd. A pastoral [in five acts, in verse. Altered from Sir R. Fanshaw's translation of Guarini]. By E. Settle.$h[electronic resource]
=264  \1$aLondon :$bTho. Chapman,$c1694.
=300  \\$a54 pages ;$c(4º)
=336  \\$atext$2rdacontent
=337  \\$acomputer$2rdamedia
=338  \\$aonline resource$2rdacarrier
=340  \\$m4to$2rdabf
=700  1\$aFANSHAWE, Richard,$cSir,$cBart.
=700  1\$aGuarini, Battista,$d1538-1612.$tEl Pastor Fido: poema ... traducido de Italiano en metro Español, y illustrado con reflexiones por Isabel Correa.
=886  2\$2blmarc$a709$b00$aFANSHAWE$eSir$hRichard$fBart$p643.d.80.$x1053880197
=886  2\$2blmarc$a709$b00$aGUARINI$hGiovanni Battista$tEl Pastor Fido: poema ... traducido de Italiano en metro Español, y illustrado con reflexiones por Isabel Correa.$p643.d.80.$x1342270134$x1342270134
=856  41$uhttp://books.google.co.uk/books?vid=BL:A0020150387$yGoogle_Books
=859  \\$aXLD$bMS Digitised
=859  \\$aXLD$bMSD
=859  \\$aXLD$bGOOGLEBOOKS
=852  4\$aBritish Library$bHMNTS$cDRT$jDigital Store 643.d.80.
=985  \\$aEnhanced during collaborative project with UCL (course BASC0033). 2019-20.
=985  \\$aUpgraded by BSS-generated file for WR1910-0531
=CAT  \\$aBATCH-MSDN$b00$c20081120$lBLL01$h1129
=CAT  \\$aBATCH$b00$c20081120$lBLL01$h1654
=CAT  \\$aBATCH-UPD$b00$c20100501$lBLL01$h0042
=CAT  \\$aWR13.117$c20130720$lBLL01$h1911
=CAT  \\$aWR14.046$c20140417$lBLL01$h1716
=CAT  \\$aWR13.144/5$c20140418$lBLL01$h1011
=CAT  \\$aBATCH-DCW$b00$c20150915$lBLL01$h0238
=CAT  \\$aWR14_057$b00$c20151129$lBLL01$h2002
=CAT  \\$aBATCH-FIX$c20160124$lBLL01$h1228
=CAT  \\$aBATCH-FIX$c20160125$lBLL01$h1512
=CAT  \\$aBATCH-DCW$b00$c20160710$lBLL01$h1007
=CAT  \\$aBATCH-DCW$c20160713$lBLL01$h1618
=CAT  \\$aW1807-0595$c20180717$lBLL01$h1729
=CAT  \\$a1805-0738$c20181228$lBLL01$h1821
=CAT  \\$a1805-0738$b00$c20181228$lBLL01$h1907
=CAT  \\$a11814$b40$c20190311$lBLL01$h1631
=CAT  \\$aW1910-0531$b00$c20191108$lBLL01$h1812
=CAT  \\$a14185$b40$c20200306$lBLL01$h1213
=FIN  \\$aY$d20081120
=LKR  \\$aPAR$lBLL01$r776$b003344337$mPastor Fido; or, The Faithful Shepherd. A pastoral [in five acts, in verse. Altered from Sir R. Fanshaw's translation of Guarini]. By E. Settle.$nPastor Fido; or, The Faithful Shepherd. A pastoral [in five acts, in verse. Altered from Sir R. Fanshaw's translation of Guarini]. By E. Settle.
=DGM  \\$a003344337$bCatBridge variable field
=DRT  \\$aMSD
=DRT  \\$aGOOGLEBOOKS
=SRC  \\$aGOOGLEBOOKS$bGoogleBooks_20150914
=SRC  \\$aMSD$bMSBooks_20160709
=SRC  \\$aMSD$bmsdig_000053
=LAS  \\$a14185$b40$c20200306$lBLL01$h1213

