=LDR  02954 am a22006613  4500
=001  014829307
=003  Uk
=005  20081120112934.0
=007  cr\mn\024mpadp
=007  cr\mn\024mpada
=008  900309|1691||||enk\\\\|s\\\\\|||\||eng\\
=FMT  \\$a  BK
=040  \\$aUk$cUk
=100  1\$aSHADWELL, Thomas,$cPoet Laureate.
=245  10$a[The Miser: a comedy [in five acts and in prose: founded on Molière's "L'Avare"] ... Written by T. Shadwell.]$h[electronic resource]
=250  \\$a[Another edition.] A Comedy, called the Miser, etc.
=264  \1$aLondon :$bF. Saunders,$c1691.
=300  \\$a65 pages ;$c(4º)
=336  \\$atext$2rdacontent
=337  \\$acomputer$2rdamedia
=338  \\$aonline resource$2rdacarrier
=340  \\$m4to$2rdabf
=700  1\$aMolière,$d1622-1673.$tSingle Works. L'Avare. English.
=787  0\$tThe Miser: a comedy [in five acts and in prose: founded on Molière's "L'Avare"] ... Written by T. Shadwell.$w(Uk)MP1.0003575206$dpp. 92. T. Collins & J. Ford: London, 1672. 4º.
=886  2\$2blmarc$a709$b00$aMOLIÈRE$hJean Baptiste de$tSingle Works$tL'Avare$tEnglish$p644.i.22.$x2241520268$p644.i.23.$x2241520268
=856  41$uhttp://books.google.co.uk/books?vid=BL:A0020150593$yGoogle_Books
=859  \\$aXLD$bMS Digitised
=859  \\$aXLD$bMSD
=859  \\$aXLD$bGOOGLEBOOKS
=852  4\$aBritish Library$bHMNTS$cDRT$jDigital Store 644.i.23.
=985  \\$aEnhanced by MS generated file for WR# 12/139
=985  \\$aCorrected by MS generated file for WR# 1805-0738
=CAT  \\$aBATCH-MSDN$b00$c20081120$lBLL01$h1129
=CAT  \\$aBATCH$b00$c20081120$lBLL01$h1654
=CAT  \\$aBATCH-UPD$b00$c20081212$lBLL01$h1246
=CAT  \\$aBATCH-UPD$b00$c20100501$lBLL01$h0042
=CAT  \\$aWR12.139$b00$c20130521$lBLL01$h1737
=CAT  \\$aWR13.117$c20130720$lBLL01$h1911
=CAT  \\$aWR14.046$c20140417$lBLL01$h1716
=CAT  \\$aWR13.144/5$c20140418$lBLL01$h1011
=CAT  \\$aBATCH-DCW$b00$c20150922$lBLL01$h0204
=CAT  \\$aWR14_057$b00$c20151129$lBLL01$h2002
=CAT  \\$aBATCH-FIX$c20160124$lBLL01$h1228
=CAT  \\$aBATCH-FIX$c20160125$lBLL01$h1512
=CAT  \\$aBATCH-DCW$b00$c20160710$lBLL01$h1007
=CAT  \\$aBATCH-DCW$c20160713$lBLL01$h1618
=CAT  \\$aW1807-0595$c20180717$lBLL01$h1729
=CAT  \\$a1805-0738$c20181228$lBLL01$h1821
=CAT  \\$a1805-0738$b00$c20181228$lBLL01$h1907
=FIN  \\$aY$d20081120
=LKR  \\$aPAR$lBLL01$r776$b003349195$m[The Miser: a comedy [in five acts and in prose: founded on Molière's "L'Avare"] ... Written by T. Shadwell.]$n[The Miser: a comedy [in five acts and in prose: founded on Molière's "L'Avare"] ... Written by T. Shadwell.]
=DGM  \\$a003349195$bCatBridge variable field
=DRT  \\$aMSD
=DRT  \\$aGOOGLEBOOKS
=SRC  \\$aGOOGLEBOOKS$bGoogleBooks_20150921
=SRC  \\$aMSD$bMSBooks_20160709
=SRC  \\$aMSD$bmsdig_000053
=LAS  \\$a1805-0738$b00$c20181228$lBLL01$h1907

