=LDR  02726 am a22006493  4500
=001  014829320
=003  Uk
=005  20191108181221.0
=007  cr\mn\024mpadp
=007  cr\mn\024mpada
=008  900309|1693||||enk\\\\|s\\\\\|||\||eng\\
=FMT  \\$a  BK
=040  \\$aUk$cUk
=100  1\$aSHADWELL, Thomas,$cPoet Laureate.
=245  14$aThe Volunteers, or the Stock-Jobbers. A comedy, etc. [in five acts, and in prose. With a dedicatory epistle by Anne Shadwell and prologue by T. D'Urfey.]$h[electronic resource]
=264  \1$aLondon,$c1693.
=300  \\$c(4º)
=336  \\$atext$2rdacontent
=337  \\$acomputer$2rdamedia
=338  \\$aonline resource$2rdacarrier
=340  \\$m4to$2rdabf
=700  1\$aD'Urfey, Thomas,$d1653-1723.
=700  1\$aShadwell, Anne.
=886  2\$2blmarc$a709$b00$aD'URFEY$hThomas$p644.i.44.$x0895270269
=886  2\$2blmarc$a709$b00$aSHADWELL$hAnne$p644.i.44.$x2991730315
=856  41$uhttp://books.google.co.uk/books?vid=BL:A0020150604$yGoogle_Books
=859  \\$aXLD$bMS Digitised
=859  \\$aXLD$bMSD
=859  \\$aXLD$bGOOGLEBOOKS
=852  4\$aBritish Library$bHMNTS$cDRT$jDigital Store 644.i.44.
=985  \\$aUpgraded by BSS-generated file for WR1910-0531
=CAT  \\$aBATCH-MSDN$b00$c20081120$lBLL01$h1129
=CAT  \\$aBATCH$b00$c20081120$lBLL01$h1654
=CAT  \\$aBATCH-UPD$b00$c20100501$lBLL01$h0042
=CAT  \\$aWR13.117$c20130720$lBLL01$h1911
=CAT  \\$aWR14.046$c20140417$lBLL01$h1716
=CAT  \\$aWR13.144/5$c20140418$lBLL01$h1011
=CAT  \\$aBATCH-UPD$b00$c20150512$lBLL01$h0946
=CAT  \\$aBATCH-DCW$b00$c20150924$lBLL01$h0205
=CAT  \\$aWR14_057$b00$c20151129$lBLL01$h2002
=CAT  \\$aBATCH-FIX$c20160124$lBLL01$h1228
=CAT  \\$aBATCH-FIX$c20160125$lBLL01$h1512
=CAT  \\$aBATCH-DCW$b00$c20160710$lBLL01$h1007
=CAT  \\$aBATCH-DCW$c20160713$lBLL01$h1618
=CAT  \\$aW1807-0595$c20180717$lBLL01$h1729
=CAT  \\$a1805-0738$c20181228$lBLL01$h1821
=CAT  \\$a1805-0738$b00$c20181228$lBLL01$h1907
=CAT  \\$aW1910-0531$b00$c20191108$lBLL01$h1812
=FIN  \\$aY$d20081120
=LKR  \\$aPAR$lBLL01$r776$b003349221$mThe Volunteers, or the Stock-Jobbers. A comedy, etc. [in five acts, and in prose. With a dedicatory epistle by Anne Shadwell and prologue by T. D'Urfey.]$nThe Volunteers, or the Stock-Jobbers. A comedy, etc. [in five acts, and in prose. With a dedicatory epistle by Anne Shadwell and prologue by T. D'Urfey.]
=DGM  \\$a003349221$bCatBridge variable field
=DRT  \\$aMSD
=DRT  \\$aGOOGLEBOOKS
=SRC  \\$aGOOGLEBOOKS$bGoogleBooks_20150923
=SRC  \\$aMSD$bMSBooks_20160709
=SRC  \\$aMSD$bmsdig_000053
=LAS  \\$aW1910-0531$b00$c20191108$lBLL01$h1812

