=LDR  03161 am a22007093  4500
=001  014829339
=003  Uk
=005  20200306104329.0
=007  cr\mn\024mpadp
=007  cr\mn\024mpada
=008  900309s1674\\\\enk\\\\|s\\\\\|||\||eng\\
=FMT  \\$a  BK
=040  \\$aUk$beng$cUk
=100  1\$aShakespeare, William,$d1564-1616.
=245  10$aMacbeth ;$ba tragedy. With all the alterations, amendments, additions, and new songs [by Sir William Davenant]. As it is now acted at the Dukes Theatre. [Anonymous.]$h[electronic resource]
=264  \1$aLondon :$bPrinted for P. Chetwin,$c1674.
=300  \\$a66 pages ;$c(4º)
=336  \\$atext$2rdacontent
=337  \\$acomputer$2rdamedia
=338  \\$aonline resource$2rdacarrier
=340  \\$m4to$2rdabf
=655  \7$aDrama$2fast$0(OCoLC)fst01423879
=655  \7$aTragedies (Drama)$2fast$0(OCoLC)fst01921740
=700  1\$aD'Avenant, William,$d1606-1668.
=886  2\$2blmarc$a709$b00$aDAVENANT$eSir$hWilliam$tWorks edited or adapted, or with contributions, by Sir W. Davenant$p644.i.45.$x0772900116
=856  41$uhttp://books.google.co.uk/books?vid=BL:A0020158175$yGoogle_Books
=859  \\$aXLD$bMS Digitised
=859  \\$aXLD$bMSD
=859  \\$aXLD$bGOOGLEBOOKS
=852  4\$aBritish Library$bHMNTS$cDRT$jDigital Store 644.i.45.
=985  \\$aEnhanced during collaborative project with UCL (course BASC0033). 2019-20.
=985  \\$aCorrected by MS generated file for WR# 1805-0738
=CAT  \\$aBATCH-MSDN$b00$c20081120$lBLL01$h1129
=CAT  \\$aBATCH$b00$c20081120$lBLL01$h1654
=CAT  \\$aBATCH-UPD$b00$c20100501$lBLL01$h0042
=CAT  \\$aWR13.117$c20130720$lBLL01$h1911
=CAT  \\$aWR14.046$c20140417$lBLL01$h1716
=CAT  \\$aWR13.144/5$c20140418$lBLL01$h1011
=CAT  \\$aBATCH-DCW$b00$c20150923$lBLL01$h0207
=CAT  \\$aBATCH-UPD$b00$c20150923$lBLL01$h0209
=CAT  \\$aWR14_057$b00$c20151129$lBLL01$h2002
=CAT  \\$aBATCH-FIX$c20160124$lBLL01$h1228
=CAT  \\$aBATCH-FIX$c20160125$lBLL01$h1512
=CAT  \\$a11814$b40$c20160316$lBLL01$h1650
=CAT  \\$a8874$b40$c20160606$lBLL01$h1146
=CAT  \\$aBATCH-DCW$b00$c20160710$lBLL01$h1007
=CAT  \\$aBATCH-DCW$c20160713$lBLL01$h1618
=CAT  \\$a10804$b40$c20180119$lBLL01$h1146
=CAT  \\$a10804$b40$c20180119$lBLL01$h1148
=CAT  \\$a10804$b40$c20180119$lBLL01$h1315
=CAT  \\$a1805-0738$c20181228$lBLL01$h1821
=CAT  \\$a1805-0738$b00$c20181228$lBLL01$h1907
=CAT  \\$a14185$b40$c20200306$lBLL01$h1043
=FIN  \\$aY$d20081120
=LKR  \\$aPAR$lBLL01$r776$b003352678$mMacbeth; a tragedy. With all the alterations, amendments, additions, and new songs [by Sir William Davenant]. As it is now acted at the Dukes Theatre. [Anonymous.]$nMacbeth; a tragedy. With all the alterations, amendments, additions, and new songs [by Sir William Davenant]. As it is now acted at the Dukes Theatre. [Anonymous.]
=DGM  \\$a003352678$bCatBridge variable field
=DRT  \\$aMSD
=DRT  \\$aGOOGLEBOOKS
=SRC  \\$aGOOGLEBOOKS$bGoogleBooks_20150922
=SRC  \\$aMSD$bMSBooks_20160709
=SRC  \\$aMSD$bmsdig_000053
=LAS  \\$a14185$b40$c20200306$lBLL01$h1043

