=LDR  02970 am a22007093  4500
=001  014829348
=003  Uk
=005  20200306102215.0
=007  cr\mn\024mpadp
=007  cr\mn\024mpada
=008  900309s1690\\\\enk\\\\|s\\\\\|||\||eng\\
=FMT  \\$a  BK
=040  \\$aUk$beng$cUk
=100  1\$aShakespeare, William,$d1564-1616.
=245  14$aThe Tempest, or the Enchanted Island. A comedy, etc.$h[electronic resource]
=264  \1$aLondon :$bPrinted by J. M. for H. Herringman,$c1690.
=300  \\$a62 pages ;$c(4º)
=336  \\$atext$2rdacontent
=337  \\$acomputer$2rdamedia
=338  \\$aonline resource$2rdacarrier
=340  \\$m4to$2rdabf
=500  \\$aAltered by Dryden and Sir W. Davenant. The version arranged for an opera by T. Shadwell.
=700  1\$aD'Avenant, William,$d1606-1668.
=700  1\$aSHADWELL, Thomas,$cPoet Laureate.
=856  41$uhttp://books.google.co.uk/books?vid=BL:A0020150549$yGoogle_Books
=859  \\$aXLD$bMS Digitised
=859  \\$aXLD$bMSD
=859  \\$aXLD$bGOOGLEBOOKS
=852  4\$aBritish Library$bHMNTS$cDRT$jDigital Store 644.g.70.
=985  \\$aEnhanced during collaborative project with UCL (course BASC0033). 2019-20.
=985  \\$aCorrected by MS generated file for WR# 1805-0738
=CAT  \\$aBATCH-MSDN$b00$c20081120$lBLL01$h1129
=CAT  \\$aBATCH$b00$c20081120$lBLL01$h1654
=CAT  \\$aBATCH-UPD$b00$c20100501$lBLL01$h0042
=CAT  \\$aWR13.117$c20130720$lBLL01$h1911
=CAT  \\$aWR14.046$c20140417$lBLL01$h1716
=CAT  \\$aWR13.144/5$c20140418$lBLL01$h1011
=CAT  \\$aBATCH-DCW$b00$c20150925$lBLL01$h0206
=CAT  \\$aBATCH-UPD$b00$c20150925$lBLL01$h0209
=CAT  \\$aWR14_057$b00$c20151129$lBLL01$h2002
=CAT  \\$aBATCH-FIX$c20160124$lBLL01$h1228
=CAT  \\$aBATCH-FIX$c20160125$lBLL01$h1512
=CAT  \\$a11814$b40$c20160316$lBLL01$h1650
=CAT  \\$a8874$b40$c20160622$lBLL01$h1409
=CAT  \\$aBATCH-DCW$b00$c20160710$lBLL01$h1007
=CAT  \\$aBATCH-DCW$c20160713$lBLL01$h1618
=CAT  \\$a10804$b40$c20180119$lBLL01$h1146
=CAT  \\$a10804$b40$c20180119$lBLL01$h1148
=CAT  \\$a10804$b40$c20180119$lBLL01$h1344
=CAT  \\$aW1807-0595$c20180717$lBLL01$h1729
=CAT  \\$a1805-0738$c20181228$lBLL01$h1821
=CAT  \\$a1805-0738$b00$c20181228$lBLL01$h1907
=CAT  \\$a14185$b40$c20200306$lBLL01$h1022
=FIN  \\$aY$d20081120
=LKR  \\$aPAR$lBLL01$r776$b003354144$mThe Tempest, or the Enchanted Island. A comedy, etc. [Altered by Dryden and Sir W. Davenant. The version arranged for an opera by T. Shadwell.]$nThe Tempest, or the Enchanted Island. A comedy, etc. [Altered by Dryden and Sir W. Davenant. The version arranged for an opera by T. Shadwell.]
=DGM  \\$a003354144$bCatBridge variable field
=DRT  \\$aMSD
=DRT  \\$aGOOGLEBOOKS
=SRC  \\$aGOOGLEBOOKS$bGoogleBooks_20150924
=SRC  \\$aMSD$bMSBooks_20160709
=SRC  \\$aMSD$bmsdig_000053
=LAS  \\$a14185$b40$c20200306$lBLL01$h1022

