=LDR  02888cam a22006613  4500
=001  014829890
=003  Uk
=005  20230613231859.0
=007  cr\mn\024mpadp
=007  cr\mn\024mpada
=008  900823|1682||||enk\\\\|s\\\\\|||\||eng\\
=FMT  \\$a  BK
=040  \\$aUk$cUk
=100  1\$aSOUTHERN, Thomas.
=245  14$aThe Loyal Brother; or, the Persian Prince. A tragedy [in five acts and in verse. Prologue and epilogue by John Dryden].$h[electronic resource]
=264  \1$aLondon,$c1682.
=300  \\$c(4º)
=336  \\$atext$2rdacontent
=337  \\$acomputer$2rdamedia
=338  \\$aonline resource$2rdacarrier
=340  \\$m4to$2rdabf
=655  \7$aDrama.$2fast$0(OCoLC)fst01423879
=700  1\$aDryden, John,$d1631-1700.$tWorks edited or adapted by Dryden, or containing prologues, epilogues, or other contributions by him.
=886  2\$2blmarc$a709$b00$aDRYDEN$hJohn$tWorks edited or adapted by Dryden, or containing prologues, epilogues, or other contributions by him$p644.i.51.$x0873830059
=856  41$uhttp://books.google.co.uk/books?vid=BL:A0020158176$yGoogle_Books
=859  \\$aXLD$bMS Digitised
=859  \\$aXLD$bMSD
=859  \\$aXLD$bGOOGLEBOOKS
=852  4\$aBritish Library$bHMNTS$cDRT$jDigital Store 644.i.51.
=985  \\$aEnhanced during collaborative project with UCL (course BASC0033). 2022-23.
=985  \\$aUpgraded by BSS-generated file for WR1910-0531
=CAT  \\$aBATCH-MSDN$b00$c20081120$lBLL01$h1129
=CAT  \\$aBATCH-UPD$b00$c20081120$lBLL01$h1355
=CAT  \\$aBATCH$b00$c20081120$lBLL01$h1654
=CAT  \\$aBATCH-UPD$b00$c20100501$lBLL01$h0042
=CAT  \\$aWR13.117$c20130720$lBLL01$h1912
=CAT  \\$aWR14.046$c20140417$lBLL01$h1716
=CAT  \\$aWR13.144/5$c20140418$lBLL01$h1011
=CAT  \\$aBATCH-DCW$b00$c20150924$lBLL01$h0205
=CAT  \\$aWR14_057$b00$c20151129$lBLL01$h2002
=CAT  \\$aBATCH-FIX$c20160124$lBLL01$h1228
=CAT  \\$aBATCH-FIX$c20160125$lBLL01$h1512
=CAT  \\$aBATCH-DCW$b00$c20160710$lBLL01$h1007
=CAT  \\$aBATCH-DCW$c20160713$lBLL01$h1618
=CAT  \\$aW1807-0595$c20180717$lBLL01$h1729
=CAT  \\$a1805-0738$c20181228$lBLL01$h1821
=CAT  \\$a1805-0738$b00$c20181228$lBLL01$h1907
=CAT  \\$aW1910-0531$b00$c20191108$lBLL01$h1812
=CAT  \\$a14185$b40$c20230613$lBLL01$h2318
=FIN  \\$aY$d20081120
=LKR  \\$aPAR$lBLL01$r776$b003448526$mThe Loyal Brother; or, the Persian Prince. A tragedy [in five acts and in verse. Prologue and epilogue by John Dryden].$nThe Loyal Brother; or, the Persian Prince. A tragedy [in five acts and in verse. Prologue and epilogue by John Dryden].
=DGM  \\$a003448526$bCatBridge variable field
=DRT  \\$aMSD
=DRT  \\$aGOOGLEBOOKS
=SRC  \\$aGOOGLEBOOKS$bGoogleBooks_20150923
=SRC  \\$aMSD$bMSBooks_20160709
=SRC  \\$aMSD$bmsdig_000053
=LAS  \\$a14185$b40$c20230613$lBLL01$h2318

