=LDR  03106 am a22006373  4500
=001  014829894
=003  Uk
=005  20191108181224.0
=007  cr\mn\024mpadp
=007  cr\mn\024mpada
=008  900823|1692||||enk\\\\|s\\\\\|||\||eng\\
=FMT  \\$a  BK
=040  \\$aUk$cUk
=100  1\$aSOUTHERN, Thomas.
=245  14$aThe Wives Excuse; or, Cuckolds make themselves. A comedy [in five acts, in prose and in verse. With verses by John Dryden, addressed to the author on his comedy, etc.].$h[electronic resource]
=264  \1$aLondon,$c1692.
=300  \\$c(4º)
=336  \\$atext$2rdacontent
=337  \\$acomputer$2rdamedia
=338  \\$aonline resource$2rdacarrier
=340  \\$m4to$2rdabf
=700  1\$aDryden, John,$d1631-1700.$tWorks edited or adapted by Dryden, or containing prologues, epilogues, or other contributions by him.
=775  0\$t[The Wives Excuse; or, Cuckolds make themselves. A comedy [in five acts, in prose and in verse. With verses by John Dryden, addressed to the author on his comedy, etc.].]$w(Uk)MP1.0003683524.1$d[London,] 1726. 12º.
=886  2\$2blmarc$a709$b00$aDRYDEN$hJohn$tWorks edited or adapted by Dryden, or containing prologues, epilogues, or other contributions by him$p641.a.35.$x0873830075$p644.i.53.$x0873830075
=856  41$uhttp://books.google.co.uk/books?vid=BL:A0020158178$yGoogle_Books
=859  \\$aXLD$bMS Digitised
=859  \\$aXLD$bMSD
=859  \\$aXLD$bGOOGLEBOOKS
=852  4\$aBritish Library$bHMNTS$cDRT$jDigital Store 644.i.53.
=985  \\$aUpgraded by BSS-generated file for WR1910-0531
=CAT  \\$aBATCH-MSDN$b00$c20081120$lBLL01$h1129
=CAT  \\$aBATCH-UPD$b00$c20081120$lBLL01$h1355
=CAT  \\$aBATCH$b00$c20081120$lBLL01$h1654
=CAT  \\$aBATCH-UPD$b00$c20100501$lBLL01$h0042
=CAT  \\$aWR13.117$c20130720$lBLL01$h1912
=CAT  \\$aWR14.046$c20140417$lBLL01$h1716
=CAT  \\$aWR13.144/5$c20140418$lBLL01$h1011
=CAT  \\$aBATCH-DCW$b00$c20150923$lBLL01$h0207
=CAT  \\$aWR14_057$b00$c20151129$lBLL01$h2002
=CAT  \\$aBATCH-FIX$c20160124$lBLL01$h1228
=CAT  \\$aBATCH-FIX$c20160125$lBLL01$h1512
=CAT  \\$aBATCH-DCW$b00$c20160710$lBLL01$h1007
=CAT  \\$aBATCH-DCW$c20160713$lBLL01$h1618
=CAT  \\$aW1807-0595$c20180717$lBLL01$h1729
=CAT  \\$a1805-0738$c20181228$lBLL01$h1821
=CAT  \\$a1805-0738$b00$c20181228$lBLL01$h1907
=CAT  \\$aW1910-0531$b00$c20191108$lBLL01$h1812
=FIN  \\$aY$d20081120
=LKR  \\$aPAR$lBLL01$r776$b003448571$mThe Wives Excuse; or, Cuckolds make themselves. A comedy [in five acts, in prose and in verse. With verses by John Dryden, addressed to the author on his comedy, etc.].$nThe Wives Excuse; or, Cuckolds make themselves. A comedy [in five acts, in prose and in verse. With verses by John Dryden, addressed to the author on his comedy, etc.].
=DGM  \\$a003448571$bCatBridge variable field
=DRT  \\$aMSD
=DRT  \\$aGOOGLEBOOKS
=SRC  \\$aGOOGLEBOOKS$bGoogleBooks_20150922
=SRC  \\$aMSD$bMSBooks_20160709
=SRC  \\$aMSD$bmsdig_000053
=LAS  \\$aW1910-0531$b00$c20191108$lBLL01$h1812

