=LDR  03017 am a22006613  4500
=001  014831161
=003  Uk
=005  20200306121045.0
=007  cr\mn\024mpadp
=007  cr\mn\024mpada
=008  000414|1664||||enk\\\\|s\\\\\|||\||eng\\
=FMT  \\$a  BK
=040  \\$aUk$beng$cUk
=100  1\$aTUKE, Samuel,$cSir,$cBart.
=245  10$a[The Adventures of Five Hours. A tragi-comedy [in verse. Adapted from "Los Empeños de Seis Horas," formerly attributed to Calderon, and now to Antonio Coello].]$h[electronic resource]
=250  \\$aSecond edition.
=264  \1$aLondon,$c1664.
=300  \\$c(4º)
=336  \\$atext$2rdacontent
=337  \\$acomputer$2rdamedia
=338  \\$aonline resource$2rdacarrier
=340  \\$m4to$2rdabf
=655  \7$aPoetry$2fast$0(OCoLC)fst01423828
=655  \7$aTragicomedies$2fast$0(OCoLC)fst01922573
=787  0\$tThe Adventures of Five Hours. A tragi-comedy [in verse. Adapted from "Los Empeños de Seis Horas," formerly attributed to Calderon, and now to Antonio Coello].$w(Uk)MP1.0003942933$dpp. 72. Printed for Henry Herringman: London, 1663. fol.
=856  41$uhttp://books.google.co.uk/books?vid=BL:A0020150524$yGoogle_Books
=859  \\$aXLD$bMS Digitised
=859  \\$aXLD$bMSD
=859  \\$aXLD$bGOOGLEBOOKS
=852  4\$aBritish Library$bHMNTS$cDRT$jDigital Store 644.f.70.
=985  \\$aEnhanced during collaborative project with UCL (course BASC0033). 2019-20.
=985  \\$aUpgraded by BSS-generated file for WR1910-0531
=CAT  \\$aBATCH-MSDN$b00$c20081120$lBLL01$h1130
=CAT  \\$aBATCH$b00$c20081120$lBLL01$h1655
=CAT  \\$aBATCH-UPD$b00$c20100501$lBLL01$h0043
=CAT  \\$aWR13.117$c20130720$lBLL01$h1912
=CAT  \\$aWR14.046$c20140417$lBLL01$h1716
=CAT  \\$aWR13.144/5$c20140418$lBLL01$h1012
=CAT  \\$aBATCH-DCW$b00$c20150923$lBLL01$h0207
=CAT  \\$aWR14_057$b00$c20151129$lBLL01$h2003
=CAT  \\$aBATCH-FIX$c20160124$lBLL01$h1228
=CAT  \\$aBATCH-FIX$c20160125$lBLL01$h1512
=CAT  \\$aBATCH-DCW$b00$c20160710$lBLL01$h1007
=CAT  \\$aBATCH-DCW$c20160713$lBLL01$h1618
=CAT  \\$aW1807-0595$c20180717$lBLL01$h1729
=CAT  \\$a1805-0738$c20181228$lBLL01$h1822
=CAT  \\$a1805-0738$b00$c20181228$lBLL01$h1907
=CAT  \\$aW1910-0531$b00$c20191108$lBLL01$h1812
=CAT  \\$a14185$b40$c20200306$lBLL01$h1210
=FIN  \\$aY$d20081120
=LKR  \\$aPAR$lBLL01$r776$b003687881$m[The Adventures of Five Hours. A tragi-comedy [in verse. Adapted from "Los Empeños de Seis Horas," formerly attributed to Calderon, and now to Antonio Coello].]$n[The Adventures of Five Hours. A tragi-comedy [in verse. Adapted from "Los Empeños de Seis Horas," formerly attributed to Calderon, and now to Antonio Coello].]
=DGM  \\$a003687881$bCatBridge variable field
=DRT  \\$aMSD
=DRT  \\$aGOOGLEBOOKS
=SRC  \\$aGOOGLEBOOKS$bGoogleBooks_20150922
=SRC  \\$aMSD$bMSBooks_20160709
=SRC  \\$aMSD$bmsdig_000053
=LAS  \\$a14185$b40$c20200306$lBLL01$h1210

