=LDR  03350cam a22007093  4500
=001  014831430
=003  Uk
=005  20220615170805.0
=007  cr\mn\024mpadp
=007  cr\mn\024mpada
=008  900821|1692||||enk\\\\|s\\\\\|||\||eng\\
=FMT  \\$a  BK
=040  \\$aUk$beng$cUk
=100  1\$aBuckingham, George Villiers,$cDuke of,$d1628-1687.
=240  10$aSingle Works
=245  10$a[The Chances, a comedy [by Beaumont and Fletcher; in prose and verse] ... corrected and altered by a Person of Honour [i.e. George Villiers, 2nd Duke of Buckingham.]]$h[electronic resource]
=264  \1$aLondon,$c1692.
=300  \\$c(4º)
=336  \\$atext$2rdacontent
=337  \\$acomputer$2rdamedia
=338  \\$aonline resource$2rdacarrier
=340  \\$m4to$2rdabf
=655  \7$aComedy plays$2fast$0(OCoLC)fst01921567
=700  1\$aBeaumont, Francis,$d1584-1616.$tSingle Works.
=787  0\$tThe Chances, a comedy [by Beaumont and Fletcher; in prose and verse] ... corrected and altered by a Person of Honour [i.e. George Villiers, 2nd Duke of Buckingham.]$w(Uk)MP1.0004064173$nIn Chances. The Chances, etc. 1682. 4º.
=886  2\$2blmarc$a709$b00$aBEAUMONT$hFrancis$fand FLETCHER (John) Dramatist$tSingle Works$p644.i.70.$x0222850051
=856  41$uhttp://books.google.co.uk/books?vid=BL:A0020158180$yGoogle_Books
=859  \\$aXLD$bMS Digitised
=859  \\$aXLD$bMSD
=859  \\$aXLD$bGOOGLEBOOKS
=852  4\$aBritish Library$bHMNTS$cDRT$jDigital Store 644.i.70.
=985  \\$aEnhanced during collaborative project with UCL (course BASC0033). 2019-20.
=985  \\$aUpgraded by BSS-generated file for WR1910-0531
=985  \\$aCorrected by MS generated file for WR# 2206-0922 (250 field removed)
=CAT  \\$aBATCH-MSDN$b00$c20081120$lBLL01$h1131
=CAT  \\$aBATCH-UPD$b00$c20081120$lBLL01$h1449
=CAT  \\$aBATCH$b00$c20081120$lBLL01$h1655
=CAT  \\$aBATCH-UPD$b00$c20100501$lBLL01$h0043
=CAT  \\$aWR13.117$c20130720$lBLL01$h1912
=CAT  \\$aWR14.046$c20140417$lBLL01$h1717
=CAT  \\$aWR13.144/5$c20140418$lBLL01$h1012
=CAT  \\$aBATCH-DCW$b00$c20150924$lBLL01$h0205
=CAT  \\$aWR14_057$b00$c20151129$lBLL01$h2003
=CAT  \\$aBATCH-FIX$c20160124$lBLL01$h1228
=CAT  \\$aBATCH-FIX$c20160125$lBLL01$h1512
=CAT  \\$aBATCH-DCW$b00$c20160710$lBLL01$h1007
=CAT  \\$aBATCH-DCW$c20160713$lBLL01$h1618
=CAT  \\$aW1807-0595$c20180717$lBLL01$h1729
=CAT  \\$a1805-0738$c20181228$lBLL01$h1822
=CAT  \\$a1805-0738$b00$c20181228$lBLL01$h1907
=CAT  \\$aW1910-0531$b00$c20191108$lBLL01$h1812
=CAT  \\$a14185$b40$c20200306$lBLL01$h1142
=CAT  \\$aW2206-0922$c20220615$lBLL01$h1708
=FIN  \\$aY$d20081120
=LKR  \\$aPAR$lBLL01$r776$b003796217$m[The Chances, a comedy [by Beaumont and Fletcher; in prose and verse] ... corrected and altered by a Person of Honour [i.e. George Villiers, 2nd Duke of Buckingham.]]$n[The Chances, a comedy [by Beaumont and Fletcher; in prose and verse] ... corrected and altered by a Person of Honour [i.e. George Villiers, 2nd Duke of Buckingham.]]
=DGM  \\$a003796217$bCatBridge variable field
=DRT  \\$aMSD
=DRT  \\$aGOOGLEBOOKS
=SRC  \\$aGOOGLEBOOKS$bGoogleBooks_20150923
=SRC  \\$aMSD$bMSBooks_20160709
=SRC  \\$aMSD$bmsdig_000053
=LAS  \\$aW2206-0922$b00$c20220615$lBLL01$h1708

