=LDR  02663 am a22006493  4500
=001  014831431
=003  Uk
=005  20191108181231.0
=007  cr\mn\024mpadp
=007  cr\mn\024mpada
=008  000414|1687||||enk\\\\|s\\\\\|||\||eng\\
=FMT  \\$a  BK
=040  \\$aUk$cUk
=100  1\$aBuckingham, George Villiers,$cDuke of,$d1628-1687.
=240  10$aSingle Works
=245  10$a[The Rehearsal. Third edition, with ... additions by the Author [i.e. George Villiers].]$h[electronic resource]
=250  \\$aFifth edition, with amendments and large additions by the Author.
=264  \1$aLondon,$c1687.
=300  \\$c(4º)
=336  \\$atext$2rdacontent
=337  \\$acomputer$2rdamedia
=338  \\$aonline resource$2rdacarrier
=340  \\$m4to$2rdabf
=720  \\$aREHEARSAL
=787  0\$tThe Rehearsal. Third edition, with ... additions by the Author [i.e. George Villiers].$w(Uk)MP1.0004064188$dpp. 59. T. Dring: London, 1675. 4º.
=886  2\$2blmarc$a709$b00$aREHEARSAL$p11774.c.1.$p11773.f.9.$p644.i.68.$x2723390128
=856  41$uhttp://books.google.co.uk/books?vid=BL:A0020158179$yGoogle_Books
=859  \\$aXLD$bMS Digitised
=859  \\$aXLD$bMSD
=859  \\$aXLD$bGOOGLEBOOKS
=852  4\$aBritish Library$bHMNTS$cDRT$jDigital Store 644.i.68.
=985  \\$aUpgraded by BSS-generated file for WR1910-0531
=CAT  \\$aBATCH-MSDN$b00$c20081120$lBLL01$h1131
=CAT  \\$aBATCH$b00$c20081120$lBLL01$h1655
=CAT  \\$aBATCH-UPD$b00$c20100501$lBLL01$h0043
=CAT  \\$aWR13.117$c20130720$lBLL01$h1912
=CAT  \\$aWR14.046$c20140417$lBLL01$h1717
=CAT  \\$aWR13.144/5$c20140418$lBLL01$h1012
=CAT  \\$aBATCH-DCW$b00$c20150924$lBLL01$h0205
=CAT  \\$aWR14_057$b00$c20151129$lBLL01$h2003
=CAT  \\$aBATCH-FIX$c20160124$lBLL01$h1228
=CAT  \\$aBATCH-FIX$c20160125$lBLL01$h1512
=CAT  \\$aBATCH-DCW$b00$c20160710$lBLL01$h1007
=CAT  \\$aBATCH-DCW$c20160713$lBLL01$h1618
=CAT  \\$aW1807-0595$c20180717$lBLL01$h1729
=CAT  \\$a1805-0738$c20181228$lBLL01$h1822
=CAT  \\$a1805-0738$b00$c20181228$lBLL01$h1907
=CAT  \\$aW1910-0531$b00$c20191108$lBLL01$h1812
=FIN  \\$aY$d20081120
=LKR  \\$aPAR$lBLL01$r776$b003796238$m[The Rehearsal. Third edition, with ... additions by the Author [i.e. George Villiers].]$n[The Rehearsal. Third edition, with ... additions by the Author [i.e. George Villiers].]
=DGM  \\$a003796238$bCatBridge variable field
=DRT  \\$aMSD
=DRT  \\$aGOOGLEBOOKS
=SRC  \\$aGOOGLEBOOKS$bGoogleBooks_20150923
=SRC  \\$aMSD$bMSBooks_20160709
=SRC  \\$aMSD$bmsdig_000053
=LAS  \\$aW1910-0531$b00$c20191108$lBLL01$h1812

