=LDR  02725 am a22006253  4500
=001  014831830
=003  Uk
=005  20160706141411.0
=007  cr\mn\024mpadp
=007  cr\mn\024mpada
=008  010302s1623\\\\enk\\\\|s\\\\\|||\||eng\\
=FMT  \\$a  BK
=040  \\$aUk$cUk
=100  1\$aWebster, John,$d1580?-1625?.
=240  10$aDuchess of Malfi
=245  14$aThe Tragedy of the Dutchesse of Malfy. [In five acts, and in verse.] ... The perfect and exact Coppy, with diverse things printed that the length of the Play would not beare in the presentment.$h[electronic resource]
=264  \1$aLondon :$bN. Oakes for J. Waterson,$c1623.
=300  \\$c(4º)
=336  \\$atext$2rdacontent
=337  \\$acomputer$2rdamedia
=338  \\$aonline resource$2rdacarrier
=340  \\$m4to$2rdabf
=856  41$uhttp://books.google.co.uk/books?vid=BL:A0020150525$yGoogle_Books
=859  \\$aXLD$bMS Digitised
=859  \\$aXLD$bMSD
=859  \\$aXLD$bGOOGLEBOOKS
=852  4\$aBritish Library$bHMNTS$cDRT$jDigital Store 644.f.72.
=985  \\$aCorrected by MS generated file for WR# 1805-0738
=CAT  \\$aBATCH-MSDN$b00$c20081120$lBLL01$h1131
=CAT  \\$aBATCH$b00$c20081120$lBLL01$h1656
=CAT  \\$aBATCH-UPD$b00$c20100501$lBLL01$h0043
=CAT  \\$aWR13.117$c20130720$lBLL01$h1912
=CAT  \\$aWR14.046$c20140417$lBLL01$h1717
=CAT  \\$aWR13.144/5$c20140418$lBLL01$h1012
=CAT  \\$aBATCH-DCW$b00$c20150924$lBLL01$h0205
=CAT  \\$a8874$b40$c20151120$lBLL01$h0948
=CAT  \\$aBATCH-UPD$b40$c20151120$lBLL01$h0948
=CAT  \\$aWR14_057$b00$c20151129$lBLL01$h2003
=CAT  \\$aBATCH-FIX$c20160124$lBLL01$h1228
=CAT  \\$aBATCH-FIX$c20160125$lBLL01$h1512
=CAT  \\$a8874$b40$c20160706$lBLL01$h1414
=CAT  \\$aBATCH-DCW$b00$c20160710$lBLL01$h1007
=CAT  \\$aBATCH-DCW$c20160713$lBLL01$h1618
=CAT  \\$aW1807-0595$c20180717$lBLL01$h1729
=CAT  \\$a1805-0738$c20181228$lBLL01$h1822
=CAT  \\$a1805-0738$b00$c20181228$lBLL01$h1908
=FIN  \\$aY$d20081120
=LKR  \\$aPAR$lBLL01$r776$b003873812$mThe Tragedy of the Dutchesse of Malfy. [In five acts, and in verse.] ... The perfect and exact Coppy, with diverse things printed that the length of the Play would not beare in the presentment.$nThe Tragedy of the Dutchesse of Malfy. [In five acts, and in verse.] ... The perfect and exact Coppy, with diverse things printed that the length of the Play would not beare in the presentment.
=DGM  \\$a003873812$bCatBridge variable field
=DRT  \\$aMSD
=DRT  \\$aGOOGLEBOOKS
=SRC  \\$aGOOGLEBOOKS$bGoogleBooks_20150923
=SRC  \\$aMSD$bMSBooks_20160709
=SRC  \\$aMSD$bmsdig_000053
=LAS  \\$a1805-0738$b00$c20181228$lBLL01$h1908

