=LDR  02636 am a22006373  4500
=001  014832618
=003  Uk
=005  20191108181237.0
=007  cr\mn\024mpadp
=007  cr\mn\024mpada
=008  901001|1677||||enk\\\\|s\\\\\|||\||eng\\
=FMT  \\$a  BK
=040  \\$aUk$cUk
=100  1\$aWYCHERLEY, William.
=240  10$aSingle Works
=245  14$aThe Plain-Dealer. A comedy, etc. [in five acts, in prose and in verse. Taken from Molière's comedy, "Le Misanthrope."]$h[electronic resource]
=264  \1$aLondon,$c1677.
=300  \\$c(4º)
=336  \\$atext$2rdacontent
=337  \\$acomputer$2rdamedia
=338  \\$aonline resource$2rdacarrier
=340  \\$m4to$2rdabf
=700  1\$aMolière,$d1622-1673.$tSingle Works. Le Misanthrope. English.
=886  2\$2blmarc$a709$b00$aMOLIÈRE$hJean Baptiste de$tSingle Works$tLe Misanthrope$tEnglish$p644.i.77.$x2241640093
=856  41$uhttp://books.google.co.uk/books?vid=BL:A0020158183$yGoogle_Books
=859  \\$aXLD$bMS Digitised
=859  \\$aXLD$bMSD
=859  \\$aXLD$bGOOGLEBOOKS
=852  4\$aBritish Library$bHMNTS$cDRT$jDigital Store 644.i.77.
=985  \\$aUpgraded by BSS-generated file for WR1910-0531
=CAT  \\$aBATCH-MSDN$b00$c20081120$lBLL01$h1132
=CAT  \\$aBATCH$b00$c20081120$lBLL01$h1656
=CAT  \\$aBATCH-UPD$b00$c20081212$lBLL01$h1246
=CAT  \\$aBATCH-UPD$b00$c20100501$lBLL01$h0043
=CAT  \\$aWR13.117$c20130720$lBLL01$h1913
=CAT  \\$aWR14.046$c20140417$lBLL01$h1717
=CAT  \\$aWR13.144/5$c20140418$lBLL01$h1012
=CAT  \\$aBATCH-DCW$b00$c20150923$lBLL01$h0207
=CAT  \\$aWR14_057$b00$c20151129$lBLL01$h2003
=CAT  \\$aBATCH-FIX$c20160124$lBLL01$h1228
=CAT  \\$aBATCH-FIX$c20160125$lBLL01$h1512
=CAT  \\$aBATCH-DCW$b00$c20160710$lBLL01$h1007
=CAT  \\$aBATCH-DCW$c20160713$lBLL01$h1618
=CAT  \\$aW1807-0595$c20180717$lBLL01$h1729
=CAT  \\$a1805-0738$c20181228$lBLL01$h1822
=CAT  \\$a1805-0738$b00$c20181228$lBLL01$h1908
=CAT  \\$aW1910-0531$b00$c20191108$lBLL01$h1812
=FIN  \\$aY$d20081120
=LKR  \\$aPAR$lBLL01$r776$b003988493$mThe Plain-Dealer. A comedy, etc. [in five acts, in prose and in verse. Taken from Molière's comedy, "Le Misanthrope."]$nThe Plain-Dealer. A comedy, etc. [in five acts, in prose and in verse. Taken from Molière's comedy, "Le Misanthrope."]
=DGM  \\$a003988493$bCatBridge variable field
=DRT  \\$aMSD
=DRT  \\$aGOOGLEBOOKS
=SRC  \\$aGOOGLEBOOKS$bGoogleBooks_20150922
=SRC  \\$aMSD$bMSBooks_20160709
=SRC  \\$aMSD$bmsdig_000053
=LAS  \\$aW1910-0531$b00$c20191108$lBLL01$h1812

