=LDR  02891 am a22005893  4500
=001  014832718
=003  Uk
=005  20191108181237.0
=007  cr\mn\024mpadp
=007  cr\mn\024mpada
=008  901024|1688||||enk\\\\|s\\\\\|||\||eng\\
=FMT  \\$a  BK
=040  \\$aUk$cUk
=100  1\$aYOUNG, Edward,$cDean of Salisbury.
=245  14$aThe Idea of Christian Love. Being a translation at the instance of Mr. Waller, of a Latin sermon upon John xiii. 34, 35, preached by ... E. Y. With a large paraphrase of Mr. Waller's Poem of Divine Love. To which are added some copies of verses from ... Mrs. Wharton, with others to her.$h[electronic resource]
=264  \1$aLondon,$c1688.
=300  \\$c(8º)
=336  \\$atext$2rdacontent
=337  \\$acomputer$2rdamedia
=338  \\$aonline resource$2rdacarrier
=340  \\$m8vo$2rdabf
=700  1\$aWaller, Edmund,$d1606-1687.
=886  2\$2blmarc$a709$b00$aWALLER$hEdmund$fthe Poet$tAppendix$p1077.l.1.$x344170004X
=859  \\$aXLD$bGOOGLEBOOKS
=859  \\$aXLD$bMS Digitised
=859  \\$aXLD$bMSD
=856  41$uhttp://books.google.com/books?vid=BL:A0021163419$yGoogle_Books
=852  4\$cDRT$jDigital Store 1077.l.1.$aBritish Library$bHMNTS
=985  \\$aUpgraded by BSS-generated file for WR1910-0531
=CAT  \\$aBATCH-MSDN$b00$c20081120$lBLL01$h1132
=CAT  \\$aBATCH$b00$c20081120$lBLL01$h1656
=CAT  \\$aBATCH-UPD$b00$c20100501$lBLL01$h0043
=CAT  \\$a11814$b40$c20130502$lBLL01$h1033
=CAT  \\$aWR13.117$c20130720$lBLL01$h1913
=CAT  \\$aWR14.046$c20140417$lBLL01$h1717
=CAT  \\$aWR13.144/5$c20140418$lBLL01$h1012
=CAT  \\$aBATCH-DCW$b00$c20160512$lBLL01$h0207
=CAT  \\$aBATCH-DCW$b00$c20160710$lBLL01$h1007
=CAT  \\$aWR14_057$b00$c20170504$lBLL01$h1839
=CAT  \\$aW1807-0595$c20180717$lBLL01$h1729
=CAT  \\$a1805-0738$c20181228$lBLL01$h1822
=CAT  \\$a1805-0738$b00$c20181228$lBLL01$h1908
=CAT  \\$aW1910-0531$b00$c20191108$lBLL01$h1812
=FIN  \\$aY$d20081120
=LKR  \\$aPAR$lBLL01$r776$b004000889$mThe Idea of Christian Love. Being a translation at the instance of Mr. Waller, of a Latin sermon upon John xiii. 34, 35, preached by ... E. Y. With a large paraphrase of Mr. Waller's Poem of Divine Love. To which are added some copies of verses from ... Mrs. Wharton, with others to her.$nThe Idea of Christian Love. Being a translation at the instance of Mr. Waller, of a Latin sermon upon John xiii. 34, 35, preached by ... E. Y. With a large paraphrase of Mr. Waller's Poem of Divine Love. To which are added some copies of verses from ... Mrs. Wharton, with others to her.
=DGM  \\$a004000889$bCatBridge variable field
=DRT  \\$aGOOGLEBOOKS
=DRT  \\$aMSD
=SRC  \\$aGOOGLEBOOKS$bGoogleBooks_20160511
=SRC  \\$aMSD$bMSBooks_20160709
=SRC  \\$aMSD$bmsdig_000053
=LAS  \\$aW1910-0531$b00$c20191108$lBLL01$h1812

