=LDR  03828 am a22007813  4500
=001  014832813
=003  Uk
=005  20200306121744.0
=007  cr\mn\024mpadp
=007  cr\mn\024mpada
=008  970610|1652||||enk\\\\|s\\\\\|||\||eng\\
=FMT  \\$a  BK
=040  \\$aUK$beng$cUk
=100  1\$aBrome, Richard,$d-1652?.
=245  10$aA Joviall Crew: or, the Merry Beggar. Presented in a comedie, etc.$h[electronic resource]
=264  \1$aLondon :$bJ. Y, for E. D. & N. E,$c1652.
=300  \\$c(4º)
=336  \\$atext$2rdacontent
=337  \\$acomputer$2rdamedia
=338  \\$aonline resource$2rdacarrier
=340  \\$m4to$2rdabf
=655  \7$aTragedies (Drama)$2fast$0(OCoLC)fst01921740
=655  \7$aComedy plays$2fast$0(OCoLC)fst01921567
=775  0\$t[A Joviall Crew: or, the Merry Beggar. Presented in a comedie, etc.]$w(Uk)MP1.0004404808.1$dFor Henry Brome: London, 1661. 4º.
=775  0\$t[A Joviall Crew: or, the Merry Beggar. Presented in a comedie, etc.]$w(Uk)MP1.0004404808.3$dpp. 59. For Joseph Hindmarsh: London, 1684. 4º.
=775  0\$t[A Joviall Crew: or, the Merry Beggar. Presented in a comedie, etc.]$w(Uk)MP1.0004404808.4$dpp. 71. C. Brome: London, 1708. 4º.
=775  0\$t[A Joviall Crew: or, the Merry Beggar. Presented in a comedie, etc.]$w(Uk)MP1.0004404808.6$nIn: Dodsley (Robert) A Select Collection of Old Plays. vol. 6. 1744. 12º.
=775  0\$t[A Joviall Crew: or, the Merry Beggar. Presented in a comedie, etc.]$w(Uk)MP1.0004404808.7$nIn: Dodsley (Robert) A Select Collection of Old Plays, etc. vol. 10. 1780. 8º.
=775  0\$t[A Joviall Crew: or, the Merry Beggar. Presented in a comedie, etc.]$w(Uk)MP1.0004404808.8$nIn: British Drama. The Ancient British Drama, etc. vol. 3. 1810. 8º.
=775  0\$t[A Joviall Crew: or, the Merry Beggar. Presented in a comedie, etc.]$w(Uk)MP1.0004404808.9$d1826.
=856  41$uhttp://books.google.co.uk/books?vid=BL:A0020150496$yGoogle_Books
=859  \\$aXLD$bMS Digitised
=859  \\$aXLD$bMSD
=859  \\$aXLD$bGOOGLEBOOKS
=852  4\$aBritish Library$bHMNTS$cDRT$jDigital Store 644.d.33.
=985  \\$aEnhanced during collaborative project with UCL (course BASC0033). 2019-20.
=985  \\$aUpgraded by BSS-generated file for WR1910-0531
=CAT  \\$aBATCH-MSDN$b00$c20081120$lBLL01$h1132
=CAT  \\$aBATCH$b00$c20081120$lBLL01$h1656
=CAT  \\$aBATCH-UPD$b00$c20100501$lBLL01$h0043
=CAT  \\$a11814$b40$c20121004$lBLL01$h1529
=CAT  \\$aWR13_070$b00$c20130504$lBLL01$h0307
=CAT  \\$aWR13.117$c20130720$lBLL01$h1913
=CAT  \\$aWR14.046$c20140417$lBLL01$h1717
=CAT  \\$aWR13.144/5$c20140418$lBLL01$h1012
=CAT  \\$aWR11_211$c20141230$lBLL01$h1735
=CAT  \\$aBLSS-CORR$b00$c20141230$lBLL01$h1743
=CAT  \\$aBATCH-DCW$b00$c20150925$lBLL01$h0206
=CAT  \\$aBATCH-UPD$b00$c20150925$lBLL01$h0209
=CAT  \\$aWR14_057$b00$c20151129$lBLL01$h2004
=CAT  \\$aBATCH-FIX$c20160124$lBLL01$h1228
=CAT  \\$aBATCH-FIX$c20160125$lBLL01$h1512
=CAT  \\$aBATCH-DCW$b00$c20160710$lBLL01$h1007
=CAT  \\$aBATCH-DCW$c20160713$lBLL01$h1618
=CAT  \\$aW1807-0595$c20180717$lBLL01$h1729
=CAT  \\$a1805-0738$c20181228$lBLL01$h1822
=CAT  \\$a1805-0738$b00$c20181228$lBLL01$h1908
=CAT  \\$aW1910-0531$b00$c20191108$lBLL01$h1812
=CAT  \\$a14185$b40$c20200306$lBLL01$h1217
=FIN  \\$aY$d20081120
=LKR  \\$aPAR$lBLL01$r776$b004115208$mA Joviall Crew: or, the Merry Beggar. Presented in a comedie, etc.$nA Joviall Crew: or, the Merry Beggar. Presented in a comedie, etc.
=DGM  \\$a004115208$bCatBridge variable field
=DRT  \\$aMSD
=DRT  \\$aGOOGLEBOOKS
=SRC  \\$aGOOGLEBOOKS$bGoogleBooks_20150924
=SRC  \\$aMSD$bMSBooks_20160709
=SRC  \\$aMSD$bmsdig_000053
=LAS  \\$a14185$b40$c20200306$lBLL01$h1217

