=LDR  03053cam a22007093  4500
=001  014862490
=003  Uk
=005  20230613233314.0
=007  cr\mn\024mpadp
=007  cr\mn\024mpada
=008  900806|1805||||enk\\\\|s\\\\\|||\||eng\\
=FMT  \\$a  BK
=040  \\$aUk$beng$cUk
=100  1\$aWellesley, Richard Wellesley,$cMarquess,$d1760-1842.
=245  10$aIntercepted correspondence from India :$bcontaining dispatches from Marquis Wellesley and from the Governor General in Council, to the Secret Committee of the Court of Directors, to Major-Gen. Wellesley, &c. : together with reports of the state of our India possessions, sent by a French emissary to General Decaen, Governor of the Mauritius; and letters from various persons in India to their friends in Great Britain.$h[electronic resource]
=264  \1$a[London],$c[1805]
=300  \\$c(8º)
=336  \\$atext$2rdacontent
=337  \\$acomputer$2rdamedia
=338  \\$aonline resource$2rdacarrier
=340  \\$m8vo$2rdabf
=655  \7$aCorrespondence.$2fast$0(OCoLC)fst02003288
=651  \7$aIndia$2fast$0(OCoLC)fst01210276
=655  \7$aCorrespondence$2fast$0(OCoLC)fst02003288
=859  \\$aXLD$bGOOGLEBOOKS
=859  \\$aXLD$bMS Digitised
=859  \\$aXLD$bMSD
=856  41$uhttp://books.google.com/books?vid=BL:A0021492234$yGoogle_Books
=852  4\$cDRT$jDigital Store ORB.30/5694$aBritish Library$bOC
=852  4\$cDRT$jDigital Store 802.k.13.$aBritish Library$bHMNTS
=985  \\$aEnhanced during collaborative project with UCL (course BASC0033). 2022-23.
=985  \\$aEnhanced during collaborative project with UCL (course BASC0033). 2019-20.
=985  \\$aUpgraded by BSS-generated file for WR1910-0531
=CAT  \\$aBATCH-MSDN$b00$c20081219$lBLL01$h1354
=CAT  \\$aBATCH$b00$c20081219$lBLL01$h1420
=CAT  \\$a4039$b40$c20090119$lBLL01$h1008
=CAT  \\$aBATCH-UPD$b40$c20100501$lBLL01$h0046
=CAT  \\$aWR13.117$c20130720$lBLL01$h1915
=CAT  \\$a4039$b40$c20140326$lBLL01$h1644
=CAT  \\$aWR14.046$c20140417$lBLL01$h1719
=CAT  \\$aWR13.144/5$c20140418$lBLL01$h1015
=CAT  \\$a10932$b40$c20160108$lBLL01$h0910
=CAT  \\$aBATCH-DCW$b40$c20160707$lBLL01$h1536
=CAT  \\$aBATCH-DCW$b00$c20160710$lBLL01$h1008
=CAT  \\$aBATCH-DCW$b00$c20170204$lBLL01$h1506
=CAT  \\$aWR14_057$b00$c20170504$lBLL01$h1839
=CAT  \\$a1805-0738$c20181228$lBLL01$h1823
=CAT  \\$a1805-0738$b00$c20181228$lBLL01$h1909
=CAT  \\$aW1910-0531$b00$c20191108$lBLL01$h1812
=CAT  \\$a14185$b40$c20200228$lBLL01$h1122
=CAT  \\$a14185$b40$c20200228$lBLL01$h1337
=CAT  \\$a14185$b40$c20200305$lBLL01$h0958
=CAT  \\$a14185$b40$c20200306$lBLL01$h1326
=CAT  \\$a14185$b40$c20230613$lBLL01$h2333
=FIN  \\$aY$d20081219
=DGM  \\$a014869816$bCatBridge variable field
=DRT  \\$aGOOGLEBOOKS
=DRT  \\$aMSD
=SRC  \\$aGOOGLEBOOKS$bGooglebooks_20170204_archive
=SRC  \\$aMSD$bMSBooks_20160709
=SRC  \\$aMSD$bmsdig_000061
=LAS  \\$a14185$b40$c20230613$lBLL01$h2333

