=LDR  02258 am a22005773  4500
=001  014866674
=003  Uk
=005  20210709095931.0
=007  cr\mn\024mpadp
=007  cr\mn\024mpada
=008  880515s1852\\\\hu\\\\\|s\\\\||||\||fre\\
=FMT  \\$a  BK
=040  \\$aUk$cUk
=100  0\$aEnjalvin,$cAbbé,$eauthor.
=245  10$aHistoire d'Antony, ou, Recherches faites sur cette localité /$cpar l'abbé Enjalvin, curé d'Antony, officier d'Académie, chanoine honoraire de Mende.
=246  3\$aRecherches faites sur cette localité
=264  \1$aAntony :$bchez l'auteur :$bet chez M. Gambier,$c1852.
=264  \3$aCorbeil :$btyp. et stéréot. de Crété.
=300  \\$a143 pages ;$c(8º)
=336  \\$atext$2rdacontent
=337  \\$acomputer$2rdamedia
=338  \\$aonline resource$2rdacarrier
=651  \0$aAntony (France)$xHistory.
=856  41$uhttp://books.google.com/books?vid=BL:A0017865448$yGoogle_Books
=859  \\$aXLD$bGOOGLEBOOKS
=859  \\$aXLD$bMS Digitised
=859  \\$aXLD$bMSD
=852  4\$cDRT$jDigital Store 10169.f.27.$aBritish Library$bHMNTS
=852  4\$cDRT$jDigital Store 10169.f.27.$aBritish Library$bHMNTS
=985  \\$aCorrected by MS generated file for WR# 1805-0738
=CAT  \\$aBATCH-MSDN$b00$c20090102$lBLL01$h0920
=CAT  \\$aBATCH$b00$c20090102$lBLL01$h0948
=CAT  \\$aBATCH-UPD$b00$c20100501$lBLL01$h0046
=CAT  \\$aWR13.117$c20130720$lBLL01$h1915
=CAT  \\$aWR14.046$c20140417$lBLL01$h1719
=CAT  \\$aWR13.144/5$c20140418$lBLL01$h1015
=CAT  \\$aBATCH-DCW$b00$c20160710$lBLL01$h1008
=CAT  \\$a1805-0738$c20181228$lBLL01$h1823
=CAT  \\$a1805-0738$b00$c20181228$lBLL01$h1909
=CAT  \\$aW2001-2376$c20200626$lBLL01$h1822
=CAT  \\$a9477$b40$c20210709$lBLL01$h0959
=FIN  \\$aY$d20090102
=LKR  \\$aPAR$b001144447$lBLL01$r776$mHistoire d'Antony, ou, Recherches faites sur cette localité /$nHistoire d'Antony, ou, Recherches faites sur cette localité /
=DGM  \\$a001144447$bCatBridge variable field
=DRT  \\$aGOOGLEBOOKS
=DRT  \\$aMSD
=SRC  \\$aGOOGLEBOOKS$bGoogleBooks_20141128
=SRC  \\$aMSD$bMSBooks_20160709
=SRC  \\$aMSD$bmsdig_000062
=OHC  \\$a1
=LAS  \\$a9477$b40$c20210709$lBLL01$h0959

