=LDR  02420 am a22005293  4500
=001  014880223
=003  Uk
=005  20090115151017.0
=007  cr\mn\024mpadp
=007  cr\mn\024mpada
=008  900119|1610|||||||\\\\|s\\\\\|||\||fre\\
=FMT  \\$a  BK
=040  \\$aUk$cUk
=100  1\$aRIVIÈRE, Paul de,$cConseiller en la Prevosté & siège Présidial de Paris.
=245  10$aCatalogue des anciens roys et princes de Gaule, dite depuis France. Extraict dans les œuvres & histoires Gauloises du sieur P. de Rivière, non encores mises en lumière ... avec deux tables, etc.$h[electronic resource]
=264  \1$a[Paris] :$bClaude Percheron,$c1610.
=300  \\$a35 pages ;$c(4º)
=336  \\$atext$2rdacontent
=337  \\$acomputer$2rdamedia
=338  \\$aonline resource$2rdacarrier
=340  \\$m4to$2rdabf
=859  \\$aXLD$bGOOGLEBOOKS
=859  \\$aXLD$bMS Digitised
=859  \\$aXLD$bMSD
=856  41$uhttp://books.google.com/books?vid=BL:A0021255906$yGoogle_Books
=852  4\$cDRT$jDigital Store 9220.dd.1.$aBritish Library$bHMNTS
=985  \\$aCorrected by MS generated file for WR# 1805-0738
=CAT  \\$aBATCH-MSDN$b00$c20090115$lBLL01$h1510
=CAT  \\$aBATCH$b00$c20090115$lBLL01$h1533
=CAT  \\$aBATCH-UPD$b00$c20100501$lBLL01$h0048
=CAT  \\$aWR13.117$c20130720$lBLL01$h1917
=CAT  \\$aWR14.046$c20140417$lBLL01$h1721
=CAT  \\$aWR13.144/5$c20140418$lBLL01$h1016
=CAT  \\$aBATCH-DCW$b00$c20160512$lBLL01$h0207
=CAT  \\$aBATCH-DCW$b00$c20160710$lBLL01$h1008
=CAT  \\$aWR14_057$b00$c20170504$lBLL01$h1839
=CAT  \\$a1805-0738$c20181228$lBLL01$h1824
=CAT  \\$a1805-0738$b00$c20181228$lBLL01$h1910
=FIN  \\$aY$d20090115
=LKR  \\$aPAR$lBLL01$r776$b003113028$mCatalogue des anciens roys et princes de Gaule, dite depuis France. Extraict dans les œuvres & histoires Gauloises du sieur P. de Rivière, non encores mises en lumière ... avec deux tables, etc.$nCatalogue des anciens roys et princes de Gaule, dite depuis France. Extraict dans les œuvres & histoires Gauloises du sieur P. de Rivière, non encores mises en lumière ... avec deux tables, etc.
=DGM  \\$a003113028$bCatBridge variable field
=DRT  \\$aGOOGLEBOOKS
=DRT  \\$aMSD
=SRC  \\$aGOOGLEBOOKS$bGoogleBooks_20160511
=SRC  \\$aMSD$bMSBooks_20160709
=SRC  \\$aMSD$bmsdig_000064
=LAS  \\$a1805-0738$b00$c20181228$lBLL01$h1910

