=LDR  03104 am a22006613  4500
=001  014905518
=003  Uk
=005  20200706151023.0
=007  cr\mn\024mpadp
=007  cr\mn\024mpada
=008  901122s1827\\\\gw\\\\\|s\\\\\|||\||ger\\
=FMT  \\$a  BK
=040  \\$aUk$cUk
=100  1\$aMüffling, Friedrich Karl Ferdinand,$cFreiherr von,$d1775-1851.
=245  10$aNapoleons Strategie im Jahr 1813 von der Schlacht von Gross-Görschen bis zur Schlacht von Leipzig, von C. v. W. [i.e. Baron F. C. F. von Mueffling].$h[electronic resource]
=264  \1$aBerlin ;$aPosen ;$aBromberg,$c1827.
=300  \\$a102 pages ;$c(8º)
=336  \\$atext$2rdacontent
=337  \\$acomputer$2rdamedia
=338  \\$aonline resource$2rdacarrier
=340  \\$m8vo$2rdabf
=600  10$aWellington, Arthur Wellesley,$cDuke of,$d1769-1852.$tAppendix. Miscellaneous.
=600  00$aNapoleon$bI,$cEmperor of the French,$d1769-1821.$tBiography. V. Separate Events. 1813. Campaign in Saxony.
=650  \0$aNapoleonic Wars, 1800-1815.
=856  41$uhttp://books.google.com/books?vid=BL:A0017786977$yGoogle_Books
=859  \\$aXLD$bGOOGLEBOOKS
=886  2\$2blmarc$a709$b00$aMUEFFLING$hFriedrich Carl Ferdinand von$fBaron$p9077.c.19.$x2290510246
=886  2\$2blmarc$a709$b00$aNAPOLEON I., Emperor of the French$tBiography$tV. Separate Events$t1813. Campaign in Saxony$p9077.c.19.$x2321310146
=886  2\$2blmarc$a709$b00$aWELLESLEY$hArthur$fDuke of Wellington$tAppendix$tMiscellaneous$p9077.c.19.$x3474650181
=859  \\$aXLD$bMS Digitised
=859  \\$aXLD$bMSD
=852  4\$aBritish Library$bHMNTS$cDRT$jDigital Store 9077.c.21.
=852  4\$aBritish Library$bHMNTS$cDRT$jDigital Store 9077.c.21.
=985  \\$aCorrected by MS generated file for WR# 1805-0738
=985  \\$aY$d20140731
=CAT  \\$aBATCH-MSDN$b00$c20090212$lBLL01$h1439
=CAT  \\$aBATCH$b00$c20090212$lBLL01$h1455
=CAT  \\$aBATCH-UPD$b00$c20100501$lBLL01$h0049
=CAT  \\$aBATCH-UPD$b00$c20120804$lBLL01$h2002
=CAT  \\$aWR13.117$c20130720$lBLL01$h1918
=CAT  \\$aWR14.046$c20140417$lBLL01$h1722
=CAT  \\$aWR13.144/5$c20140418$lBLL01$h1018
=CAT  \\$aBATCH-UPD$b00$c20160301$lBLL01$h1858
=CAT  \\$aBATCH-DCW$b00$c20160710$lBLL01$h1008
=CAT  \\$a1805-0738$c20181228$lBLL01$h1825
=CAT  \\$a1805-0738$b00$c20181228$lBLL01$h1910
=CAT  \\$a9477$b40$c20200706$lBLL01$h1510
=FIN  \\$aY$d20090212
=LKR  \\$aPAR$b003822609$lBLL01$r776$mNapoleons Strategie im Jahr 1813 von der Schlacht von Gross-Görschen bis zur Schlacht von Leipzig, von C. v. W. [i.e. Baron F. C. F. von Mueffling].$nNapoleons Strategie im Jahr 1813 von der Schlacht von Gross-Görschen bis zur Schlacht von Leipzig, von C. v. W. [i.e. Baron F. C. F. von Mueffling].
=DGM  \\$a003822609$bCatBridge variable field
=DGM  \\$a003822608$bCatBridge variable field
=DRT  \\$aMSD
=DRT  \\$aGOOGLEBOOKS
=SRC  \\$aMSD$bMSBooks_20160709
=SRC  \\$aMSD$bmsdig_000068
=SRC  \\$aGOOGLEBOOKS$bGoogleBooks_20140730
=OHC  \\$a1
=LAS  \\$a9477$b40$c20200706$lBLL01$h1510

