=LDR  02933 am a22006613  4500
=001  014912207
=003  Uk
=005  20200306102451.0
=007  cr\mn\024mpadp
=007  cr\mn\024mpada
=008  871118|1696||||enk\\\\|s\\\\\|||\||eng\\
=FMT  \\$a  BK
=040  \\$aUk$beng$cUk
=100  1\$aBehn, Aphra,$d1640-1689.
=245  14$aThe Younger Brother: or, the Amorous Jilt. A comedy ... Written by the late ingenious Mrs. A. Behn. With some account of her life. [Edited, with alterations and a memoir, by Charles Gildon.]$h[electronic resource]
=264  \1$aLondon :$bJ. Harris,$c1696.
=300  \\$a52 pages ;$c(4º)
=336  \\$atext$2rdacontent
=337  \\$acomputer$2rdamedia
=338  \\$aonline resource$2rdacarrier
=340  \\$m4to$2rdabf
=655  \7$aComedy plays$2fast$0(OCoLC)fst01921567
=700  1\$aGILDON, Charles.
=886  2\$2blmarc$a709$b00$aGILDON$hCharles$p644.g.19.$x1250170176
=856  41$uhttp://books.google.co.uk/books?vid=BL:A0020150539$yGoogle_Books
=859  \\$aXLD$bMS Digitised
=859  \\$aXLD$bMSD
=859  \\$aXLD$bGOOGLEBOOKS
=852  4\$aBritish Library$bHMNTS$cDRT$jDigital Store 644.g.19.
=985  \\$aEnhanced during collaborative project with UCL (course BASC0033). 2019-20.
=985  \\$aUpgraded by BSS-generated file for WR1910-0531
=CAT  \\$aBATCH-MSDN$b00$c20090220$lBLL01$h1507
=CAT  \\$aBATCH$b00$c20090220$lBLL01$h1523
=CAT  \\$aBATCH-UPD$b00$c20100501$lBLL01$h0049
=CAT  \\$aWR13.117$c20130720$lBLL01$h1918
=CAT  \\$aWR14.046$c20140417$lBLL01$h1722
=CAT  \\$aWR13.144/5$c20140418$lBLL01$h1018
=CAT  \\$aBATCH-DCW$b00$c20150923$lBLL01$h0207
=CAT  \\$aBATCH-UPD$b00$c20150923$lBLL01$h0209
=CAT  \\$aWR14_057$b00$c20151129$lBLL01$h1955
=CAT  \\$aBATCH-FIX$c20160124$lBLL01$h1228
=CAT  \\$aBATCH-FIX$c20160125$lBLL01$h1512
=CAT  \\$aBATCH-DCW$b00$c20160710$lBLL01$h1008
=CAT  \\$aBATCH-DCW$c20160713$lBLL01$h1618
=CAT  \\$aW1807-0595$c20180717$lBLL01$h1729
=CAT  \\$a1805-0738$c20181228$lBLL01$h1825
=CAT  \\$a1805-0738$b00$c20181228$lBLL01$h1910
=CAT  \\$aW1910-0531$b00$c20191108$lBLL01$h1813
=CAT  \\$a14185$b40$c20200306$lBLL01$h1024
=FIN  \\$aY$d20090220
=LKR  \\$aPAR$lBLL01$r776$b000252232$mThe Younger Brother: or, the Amorous Jilt. A comedy ... Written by the late ingenious Mrs. A. Behn. With some account of her life. [Edited, with alterations and a memoir, by Charles Gildon.]$nThe Younger Brother: or, the Amorous Jilt. A comedy ... Written by the late ingenious Mrs. A. Behn. With some account of her life. [Edited, with alterations and a memoir, by Charles Gildon.]
=DGM  \\$a000252232$bCatBridge variable field
=DRT  \\$aMSD
=DRT  \\$aGOOGLEBOOKS
=SRC  \\$aGOOGLEBOOKS$bGoogleBooks_20150922
=SRC  \\$aMSD$bMSBooks_20160709
=SRC  \\$aMSD$bmsdig_000069
=LAS  \\$a14185$b40$c20200306$lBLL01$h1024

