=LDR  02109 am a22005773  4500
=001  014912671
=003  Uk
=005  20191108181306.0
=007  cr\mn\024mpadp
=007  cr\mn\024mpada
=008  900418|1653||||enk\\\\|s\\\\\|||\||eng\\
=FMT  \\$a  BK
=040  \\$aUk$cUk
=100  1\$aSPENCER, Canning,$cMrs.
=245  10$aEarly and late Recollections. [In prose and verse.]$h[electronic resource]
=264  \1$aLondon,$c1653 [or rather, 1853]
=300  \\$c(8º)
=336  \\$atext$2rdacontent
=337  \\$acomputer$2rdamedia
=338  \\$aonline resource$2rdacarrier
=340  \\$m8vo$2rdabf
=859  \\$aXLD$bGOOGLEBOOKS
=859  \\$aXLD$bMS Digitised
=859  \\$aXLD$bMSD
=856  41$uhttp://books.google.com/books?vid=BL:A0021293428$yGoogle_Books
=852  4\$cDRT$jDigital Store 11646.ff.13.$aBritish Library$bHMNTS
=985  \\$aUpgraded by BSS-generated file for WR1910-0531
=CAT  \\$aBATCH-MSDN$b00$c20090220$lBLL01$h1507
=CAT  \\$aBATCH$b00$c20090220$lBLL01$h1523
=CAT  \\$aBATCH-UPD$b00$c20100501$lBLL01$h0049
=CAT  \\$aWR13.117$c20130720$lBLL01$h1918
=CAT  \\$aWR14.046$c20140417$lBLL01$h1722
=CAT  \\$aWR13.144/5$c20140418$lBLL01$h1018
=CAT  \\$aWR11_211$c20141230$lBLL01$h1741
=CAT  \\$aBLSS-CORR$b00$c20141230$lBLL01$h1743
=CAT  \\$aBATCH-DCW$b00$c20160616$lBLL01$h0206
=CAT  \\$aBATCH-DCW$b00$c20160710$lBLL01$h1009
=CAT  \\$aWR14_057$b00$c20170504$lBLL01$h1839
=CAT  \\$aW1807-0595$c20180717$lBLL01$h1729
=CAT  \\$a1805-0738$c20181228$lBLL01$h1825
=CAT  \\$a1805-0738$b00$c20181228$lBLL01$h1910
=CAT  \\$aW1910-0531$b00$c20191108$lBLL01$h1813
=FIN  \\$aY$d20090220
=LKR  \\$aPAR$lBLL01$r776$b003460087$mEarly and late Recollections. [In prose and verse.]$nEarly and late Recollections. [In prose and verse.]
=DGM  \\$a003460087$bCatBridge variable field
=DRT  \\$aGOOGLEBOOKS
=DRT  \\$aMSD
=SRC  \\$aGOOGLEBOOKS$bGoogleBooks_20160615
=SRC  \\$aMSD$bMSBooks_20160709
=SRC  \\$aMSD$bmsdig_000069
=LAS  \\$aW1910-0531$b00$c20191108$lBLL01$h1813

