=LDR  03002 am a22006253  4500
=001  014912737
=003  Uk
=005  20191108181306.0
=007  cr\mn\024mpadp
=007  cr\mn\024mpada
=008  901005|1630||||enk\\\\|s\\\\||||\||eng\\
=FMT  \\$a  BK
=040  \\$aUk$cUk
=245  10$aWine, Beere, Ale, and Tobacco. Contending for superiority. A Dialogue. The second edition, much enlarged.$h[electronic resource]
=264  \1$aLondon :$bPrinted by T. C, for John Grove,$c1630.
=300  \\$c(4º)
=336  \\$atext$2rdacontent
=337  \\$acomputer$2rdamedia
=338  \\$aonline resource$2rdacarrier
=340  \\$m4to$2rdabf
=500  \\$aWithout pagination. Sig. A-D. The first edition is entitled: "Wine, Beere, and Ale, together by the eares. A dialogue written first in Dutch by Gallobelgicus," etc. It is entered under the heading Gallobelgicus.
=720  \\$aWINE
=775  0\$t[Wine, Beere, Ale, and Tobacco. Contending for superiority. A Dialogue. The second edition, much enlarged.]$w(Uk)MP1.0004227399.1$dPrinted by J. B., for John Grove: London, 1658. 4º.
=775  0\$t[Wine, Beere, Ale, and Tobacco. Contending for superiority. A Dialogue. The second edition, much enlarged.]$w(Uk)MP1.0004227399.2$nIn Halliwell (J. O.) The Literature of the sixteenth and seventeenth centuries illustrated, etc. 1851. 4º.
=856  41$uhttp://books.google.co.uk/books?vid=BL:A0020150377$yGoogle_Books
=859  \\$aXLD$bMS Digitised
=859  \\$aXLD$bMSD
=859  \\$aXLD$bGOOGLEBOOKS
=852  4\$aBritish Library$bHMNTS$cDRT$jDigital Store 643.c.62.
=985  \\$aUpgraded by BSS-generated file for WR1910-0531
=CAT  \\$aBATCH-MSDN$b00$c20090220$lBLL01$h1507
=CAT  \\$aBATCH$b00$c20090220$lBLL01$h1523
=CAT  \\$aBATCH-UPD$b00$c20100501$lBLL01$h0049
=CAT  \\$aWR13.117$c20130720$lBLL01$h1918
=CAT  \\$aWR14.046$c20140417$lBLL01$h1722
=CAT  \\$aWR13.144/5$c20140418$lBLL01$h1018
=CAT  \\$aBATCH-DCW$b00$c20150917$lBLL01$h0211
=CAT  \\$aWR14_057$b00$c20151129$lBLL01$h2003
=CAT  \\$aBATCH-FIX$c20160124$lBLL01$h1228
=CAT  \\$aBATCH-FIX$c20160125$lBLL01$h1512
=CAT  \\$aBATCH-DCW$b00$c20160710$lBLL01$h1009
=CAT  \\$aBATCH-DCW$c20160713$lBLL01$h1618
=CAT  \\$aW1807-0595$c20180717$lBLL01$h1729
=CAT  \\$a1805-0738$c20181228$lBLL01$h1825
=CAT  \\$a1805-0738$b00$c20181228$lBLL01$h1910
=CAT  \\$aW1910-0531$b00$c20191108$lBLL01$h1813
=FIN  \\$aY$d20090220
=LKR  \\$aPAR$lBLL01$r776$b003950633$mWine, Beere, Ale, and Tobacco. Contending for superiority. A Dialogue. The second edition, much enlarged.$nWine, Beere, Ale, and Tobacco. Contending for superiority. A Dialogue. The second edition, much enlarged.
=DGM  \\$a003950633$bCatBridge variable field
=DRT  \\$aMSD
=DRT  \\$aGOOGLEBOOKS
=SRC  \\$aGOOGLEBOOKS$bGoogleBooks_20150916
=SRC  \\$aMSD$bMSBooks_20160709
=SRC  \\$aMSD$bmsdig_000069
=LAS  \\$aW1910-0531$b00$c20191108$lBLL01$h1813

