=LDR  02470 am a22006253  4500
=001  014939480
=003  Uk
=005  20090326081540.0
=007  cr\mn\024mpadp
=007  cr\mn\024mpada
=008  880705|1669|||||||\\\\|s\\\\\|||\||eng\\
=FMT  \\$a  BK
=040  \\$aUk$cUk
=100  1\$aF., C.
=245  10$aPluto Furens & Vinctus; or, The raging Devil bound. A modern farce [in three acts in prose]. Per Philocomicum [i.e. C. F.].$h[electronic resource]
=264  \1$aAmstelodami,$c1669.
=300  \\$c(4º)
=336  \\$atext$2rdacontent
=337  \\$acomputer$2rdamedia
=338  \\$aonline resource$2rdacarrier
=340  \\$m4to$2rdabf
=720  \\$aPHILOCOMICUS
=720  \\$aPLUTO
=886  2\$2blmarc$a709$b00$aPHILOCOMICUS$p643.d.51.$x2580180265
=886  2\$2blmarc$a709$b00$aPLUTO$p643.d.51.$x2611030189
=856  41$uhttp://books.google.co.uk/books?vid=BL:A0020150383$yGoogle_Books
=859  \\$aXLD$bMS Digitised
=859  \\$aXLD$bMSD
=859  \\$aXLD$bGOOGLEBOOKS
=852  4\$aBritish Library$bHMNTS$cDRT$jDigital Store 643.d.51.
=985  \\$aCorrected by MS generated file for WR# 1805-0738
=CAT  \\$aBATCH-MSDN$b00$c20090326$lBLL01$h0815
=CAT  \\$aBATCH$b00$c20090326$lBLL01$h0831
=CAT  \\$aBATCH-UPD$b00$c20100501$lBLL01$h0049
=CAT  \\$aWR13.117$c20130720$lBLL01$h1919
=CAT  \\$aWR14.046$c20140417$lBLL01$h1723
=CAT  \\$aWR13.144/5$c20140418$lBLL01$h1018
=CAT  \\$aBATCH-DCW$b00$c20150917$lBLL01$h0211
=CAT  \\$aWR14_057$b00$c20151129$lBLL01$h1957
=CAT  \\$aBATCH-FIX$c20160124$lBLL01$h1228
=CAT  \\$aBATCH-FIX$c20160125$lBLL01$h1512
=CAT  \\$aBATCH-DCW$b00$c20160710$lBLL01$h1009
=CAT  \\$aBATCH-DCW$c20160713$lBLL01$h1618
=CAT  \\$aW1807-0595$c20180717$lBLL01$h1729
=CAT  \\$a1805-0738$c20181228$lBLL01$h1825
=CAT  \\$a1805-0738$b00$c20181228$lBLL01$h1911
=FIN  \\$aY$d20090326
=LKR  \\$aPAR$lBLL01$r776$b001186724$mPluto Furens & Vinctus; or, The raging Devil bound. A modern farce [in three acts in prose]. Per Philocomicum [i.e. C. F.].$nPluto Furens & Vinctus; or, The raging Devil bound. A modern farce [in three acts in prose]. Per Philocomicum [i.e. C. F.].
=DGM  \\$a001186724$bCatBridge variable field
=DRT  \\$aMSD
=DRT  \\$aGOOGLEBOOKS
=SRC  \\$aGOOGLEBOOKS$bGoogleBooks_20150916
=SRC  \\$aMSD$bMSBooks_20160709
=SRC  \\$aMSD$bmsdig_000075
=LAS  \\$a1805-0738$b00$c20181228$lBLL01$h1911

