=LDR  01887 am a22005533  4500
=001  014940023
=003  Uk
=005  20090326081604.0
=007  cr\mn\024mpadp
=007  cr\mn\024mpada
=008  900820|1700|||||||\\\\|s\\\\||||\||eng\\
=FMT  \\$a  BK
=040  \\$aUk$cUk
=245  14$aThe Venetian Marriage.$h[electronic resource]
=264  \1$c[1700?]
=300  \\$c(4º)
=336  \\$atext$2rdacontent
=337  \\$acomputer$2rdamedia
=338  \\$aonline resource$2rdacarrier
=340  \\$m4to$2rdabf
=500  \\$aPp. 51-60 of some collection.
=720  \\$aVENETIAN MARRIAGE
=859  \\$aXLD$bGOOGLEBOOKS
=859  \\$aXLD$bMS Digitised
=859  \\$aXLD$bMSD
=856  41$uhttp://books.google.com/books?vid=BL:A0021293429$yGoogle_Books
=852  4\$aBritish Library$bHMNTS$cDRT$jDigital Store 11647.f.44.(1.)
=985  \\$aCorrected by MS generated file for WR# 1805-0738
=CAT  \\$aBATCH-MSDN$b00$c20090326$lBLL01$h0816
=CAT  \\$aBATCH$b00$c20090326$lBLL01$h0832
=CAT  \\$aBATCH-UPD$b00$c20100501$lBLL01$h0050
=CAT  \\$aWR13.117$c20130720$lBLL01$h1919
=CAT  \\$aWR14.046$c20140417$lBLL01$h1723
=CAT  \\$aWR13.144/5$c20140418$lBLL01$h1018
=CAT  \\$aBATCH-DCW$b00$c20160620$lBLL01$h0209
=CAT  \\$aBATCH-DCW$b00$c20160710$lBLL01$h1009
=CAT  \\$aWR14_057$b00$c20170504$lBLL01$h1839
=CAT  \\$aW1807-0595$c20180717$lBLL01$h1729
=CAT  \\$a1805-0738$c20181228$lBLL01$h1825
=CAT  \\$a1805-0738$b00$c20181228$lBLL01$h1911
=FIN  \\$aY$d20090326
=LKR  \\$aPAR$lBLL01$r776$b003770705$mThe Venetian Marriage.$nThe Venetian Marriage.
=DGM  \\$a003770705$bCatBridge variable field
=DRT  \\$aGOOGLEBOOKS
=DRT  \\$aMSD
=SRC  \\$aGOOGLEBOOKS$bGoogleBooks_20160619
=SRC  \\$aMSD$bMSBooks_20160709
=SRC  \\$aMSD$bmsdig_000075
=LAS  \\$a1805-0738$b00$c20181228$lBLL01$h1911

